|j|☆9999999ooo9999
|j|☆Serbol03
|t:|1750765539
|gametype|doubles
|player|p1|9999999ooo9999|102|1409
|player|p2|Serbol03|giovanni|1314
|teamsize|p1|6
|teamsize|p2|6
|gen|9
|tier|[Gen 9] VGC 2025 Reg I
|rated|
|rule|Species Clause: Limit one of each Pokémon
|rule|Item Clause: Limit 1 of each item
|clearpoke
|poke|p1|Calyrex-Shadow, L50|
|poke|p1|Indeedee-F, L50, F|
|poke|p1|Koraidon, L50|
|poke|p1|Incineroar, L50, M|
|poke|p1|Walking Wake, L50|
|poke|p1|Grimmsnarl, L50, M|
|poke|p2|Miraidon, L50|
|poke|p2|Lunala, L50|
|poke|p2|Urshifu-*, L50, M|
|poke|p2|Whimsicott, L50, M|
|poke|p2|Iron Hands, L50|
|poke|p2|Incineroar, L50, F|
|teampreview|4
Serbol03 has agreed to open team sheets.
|
|t:|1750765576
|start
|switch|p1a: Indeedee|Indeedee-F, L50, F|100/100
|switch|p1b: Calyrex|Calyrex-Shadow, L50|100/100
|switch|p2a: Whimsicott|Whimsicott, L50, M|100/100
|switch|p2b: Urshifu|Urshifu-Rapid-Strike, L50, M|100/100
|-ability|p1b: Calyrex|As One
|-ability|p1b: Calyrex|Unnerve
|-fieldstart|move: Psychic Terrain|[from] ability: Psychic Surge|[of] p1a: Indeedee
|turn|1
|
|t:|1750765596
|-terastallize|p1b: Calyrex|Stellar
|-terastallize|p2b: Urshifu|Water
|move|p1a: Indeedee|Follow Me|p1a: Indeedee
|-singleturn|p1a: Indeedee|move: Follow Me
|move|p2a: Whimsicott|Tailwind|p2a: Whimsicott
|-sidestart|p2: Serbol03|move: Tailwind
|move|p2b: Urshifu|Surging Strikes|p1a: Indeedee
|-crit|p1a: Indeedee
|-damage|p1a: Indeedee|51/100
|-crit|p1a: Indeedee
|-damage|p1a: Indeedee|0 fnt
|faint|p1a: Indeedee
|-hitcount|p1: Indeedee|2
|move|p1b: Calyrex|Expanding Force|p2a: Whimsicott|[spread] p2a,p2b
|-damage|p2a: Whimsicott|0 fnt
|-damage|p2b: Urshifu|0 fnt
|faint|p2a: Whimsicott
|faint|p2b: Urshifu
|-ability|p1b: Calyrex|Grim Neigh|boost
|-boost|p1b: Calyrex|spa|2
|
|upkeep
|
|t:|1750765615
|switch|p2a: Miraidon|Miraidon, L50|100/100
|switch|p2b: Incineroar|Incineroar, L50, F|100/100
|switch|p1a: Grimmsnarl|Grimmsnarl, L50, M|100/100
|-fieldstart|move: Electric Terrain|[from] ability: Hadron Engine|[of] p2a: Miraidon
|-ability|p2b: Incineroar|Intimidate|boost
|-unboost|p1a: Grimmsnarl|atk|1
|-unboost|p1b: Calyrex|atk|1
|turn|2
|
|t:|1750765630
|move|p1b: Calyrex|Protect|p1b: Calyrex
|-singleturn|p1b: Calyrex|Protect
|move|p2b: Incineroar|Fake Out|p1a: Grimmsnarl
|-damage|p1a: Grimmsnarl|87/100
|cant|p1a: Grimmsnarl|flinch
|move|p2a: Miraidon|Electro Drift|p1b: Calyrex
|-activate|p1b: Calyrex|move: Protect
|
|upkeep
|turn|3
|
|t:|1750765654
|move|p1a: Grimmsnarl|Light Screen|p1a: Grimmsnarl
|-sidestart|p1: 9999999ooo9999|move: Light Screen
|move|p2a: Miraidon|Electro Drift|p1b: Calyrex
|-damage|p1b: Calyrex|7/100
|move|p1b: Calyrex|Psychic|p2a: Miraidon
|-crit|p2a: Miraidon
|-damage|p2a: Miraidon|0 fnt
|faint|p2a: Miraidon
|-ability|p1b: Calyrex|Grim Neigh|boost
|-boost|p1b: Calyrex|spa|1
|move|p2b: Incineroar|Knock Off|p1b: Calyrex
|-supereffective|p1b: Calyrex
|-damage|p1b: Calyrex|0 fnt
|-enditem|p1b: Calyrex|Focus Sash|[from] move: Knock Off|[of] p2b: Incineroar
|faint|p1b: Calyrex
|
|upkeep
|
|t:|1750765664
|switch|p1b: Koraidon|Koraidon, L50|100/100
|-weather|SunnyDay|[from] ability: Orichalcum Pulse|[of] p1b: Koraidon
|-activate|p1b: Koraidon|Orichalcum Pulse|[source]
|turn|4
|-message|Serbol03 forfeited.
|
|win|9999999ooo9999
|raw|9999999ooo9999's rating: 1409 &rarr; <strong>1424</strong><br />(+15 for winning)
|raw|Serbol03's rating: 1314 &rarr; <strong>1299</strong><br />(-15 for losing)
