|j|☆NashVGC7
|j|☆Moreuptempo
|t:|1750856458
|gametype|doubles
|player|p1|NashVGC7|#smogonxnpa2025draftee|
|player|p2|Moreuptempo|red|
|teamsize|p1|6
|teamsize|p2|6
|gen|9
|tier|[Gen 9] VGC 2025 Reg I
|rated|Tournament battle
|rule|Species Clause: Limit one of each Pokémon
|rule|Item Clause: Limit 1 of each item
|raw|<div class="infobox"><details class="readmore" open><summary><strong>2 custom rules:</strong></summary> Force Open Team Sheets, !Open Team Sheets</details></div>
|clearpoke
|poke|p1|Lunala, L50|
|poke|p1|Ursaluna, L50, M|
|poke|p1|Jumpluff, L50, M|
|poke|p1|Koraidon, L50|
|poke|p1|Incineroar, L50, M|
|poke|p1|Scream Tail, L50|
|poke|p2|Lunala, L50|
|poke|p2|Ursaluna, L50, M|
|poke|p2|Koraidon, L50|
|poke|p2|Flutter Mane, L50|
|poke|p2|Chi-Yu, L50|
|poke|p2|Brute Bonnet, L50|
|teampreview|4
|showteam|p1|Lunala||Leftovers|ShadowShield|TrickRoom,WideGuard,Moonblast,MoongeistBeam||||||50|,,,,,Fairy]Ursaluna||FlameOrb|Guts|Earthquake,HeadlongRush,Protect,Facade|||M|||50|,,,,,Ghost]Jumpluff||CovertCloak|Chlorophyll|RagePowder,Encore,SleepPowder,PollenPuff|||M|||50|,,,,,Dark]Koraidon||ClearAmulet|OrichalcumPulse|FlareBlitz,FlameCharge,CollisionCourse,Protect||||||50|,,,,,Fire]Incineroar||RockyHelmet|Intimidate|PartingShot,KnockOff,FlareBlitz,FakeOut|||M|||50|,,,,,Bug]Scream Tail||BoosterEnergy|Protosynthesis|PerishSong,Encore,Disable,Protect||||||50|,,,,,Dark
|showteam|p2|Lunala||PowerHerb|ShadowShield|MeteorBeam,MoongeistBeam,TrickRoom,WideGuard||||||50|,,,,,Fairy]Ursaluna||FlameOrb|Guts|Facade,HeadlongRush,Earthquake,Protect|||M|||50|,,,,,Ghost]Koraidon||LifeOrb|OrichalcumPulse|CloseCombat,FlareBlitz,FlameCharge,Protect||||||50|,,,,,Fire]Flutter Mane||FocusSash|Protosynthesis|ShadowBall,Moonblast,IcyWind,Protect||||||50|,,,,,Stellar]Chi-Yu||ChoiceScarf|BeadsofRuin|HeatWave,DarkPulse,Snarl,Flamethrower||||||50|,,,,,Fire]Brute Bonnet||SitrusBerry|Protosynthesis|Spore,SuckerPunch,RagePowder,SeedBomb||||||50|,,,,,Water
|j| forkuser1
|c|☆Moreuptempo|Yo what a cool avatar
|c|☆NashVGC7|thx
|
|t:|1750856521
|start
|switch|p1a: Jumpluff|Jumpluff, L50, M, shiny|100/100
|switch|p1b: Koraidon|Koraidon, L50|100/100
|switch|p2a: Flutter Mane|Flutter Mane, L50|100/100
|switch|p2b: Chi-Yu|Chi-Yu, L50|100/100
|-ability|p2b: Chi-Yu|Beads of Ruin
|-weather|SunnyDay|[from] ability: Orichalcum Pulse|[of] p1b: Koraidon
|-activate|p2a: Flutter Mane|ability: Protosynthesis
|-start|p2a: Flutter Mane|protosynthesisspe
|-activate|p1b: Koraidon|Orichalcum Pulse|[source]
|turn|1
|j| mom's hair
|
|t:|1750856538
|-terastallize|p1b: Koraidon|Fire
|move|p1a: Jumpluff|Sleep Powder|p2b: Chi-Yu
|-status|p2b: Chi-Yu|slp|[from] move: Sleep Powder
|move|p2a: Flutter Mane|Icy Wind|p1a: Jumpluff|[spread] p1a,p1b
|-supereffective|p1a: Jumpluff
|-resisted|p1b: Koraidon
|-damage|p1a: Jumpluff|22/100
|-damage|p1b: Koraidon|90/100
|cant|p2b: Chi-Yu|slp
|move|p1b: Koraidon|Flame Charge|p2a: Flutter Mane
|-enditem|p2a: Flutter Mane|Focus Sash
|-damage|p2a: Flutter Mane|1/100
|-boost|p1b: Koraidon|spe|1
|
|-weather|SunnyDay|[upkeep]
|upkeep
|turn|2
|
|t:|1750856558
|move|p1a: Jumpluff|Pollen Puff|p2a: Flutter Mane
|-resisted|p2a: Flutter Mane
|-damage|p2a: Flutter Mane|0 fnt
|faint|p2a: Flutter Mane
|-end|p2a: Flutter Mane|Protosynthesis|[silent]
|move|p1b: Koraidon|Collision Course|p2b: Chi-Yu
|-supereffective|p2b: Chi-Yu
|-damage|p2b: Chi-Yu|0 fnt
|faint|p2b: Chi-Yu
|
|-weather|SunnyDay|[upkeep]
|upkeep
|j|@Therazer456
|
|t:|1750856563
|switch|p2a: Lunala|Lunala, L50|100/100
|switch|p2b: Koraidon|Koraidon, L50|100/100
|-activate|p2b: Koraidon|ability: Orichalcum Pulse
|turn|3
|
|t:|1750856585
|move|p1a: Jumpluff|Pollen Puff|p2a: Lunala
|-damage|p2a: Lunala|96/100
|move|p1b: Koraidon|Flare Blitz|p2a: Lunala
|-damage|p2a: Lunala|0 fnt
|faint|p2a: Lunala
|-damage|p1b: Koraidon|50/100|[from] Recoil
|move|p2b: Koraidon|Flame Charge|p1a: Jumpluff
|-supereffective|p1a: Jumpluff
|-crit|p1a: Jumpluff
|-damage|p1a: Jumpluff|0 fnt
|-boost|p2b: Koraidon|spe|1
|faint|p1a: Jumpluff
|-damage|p2b: Koraidon|91/100|[from] item: Life Orb
|
|-weather|SunnyDay|[upkeep]
|upkeep
|
|t:|1750856596
|switch|p1a: Lunala|Lunala, L50, shiny|100/100
|turn|4
|
|t:|1750856601
|-terastallize|p2b: Koraidon|Fire
|move|p2b: Koraidon|Flare Blitz|p1a: Lunala
|-damage|p1a: Lunala|32/100
|-damage|p2b: Koraidon|62/100|[from] Recoil
|-damage|p2b: Koraidon|52/100|[from] item: Life Orb
|move|p1b: Koraidon|Collision Course|p2b: Koraidon
|-damage|p2b: Koraidon|0 fnt
|faint|p2b: Koraidon
|
|win|NashVGC7
|n|☆NashVGC7|nashvgc7
|n|☆Moreuptempo|moreuptempo
|n| forkuser1|forkuser1
|n| mom's hair|momshair
|n| Therazer456|therazer456
|c|☆NashVGC7|gg
|c|☆Moreuptempo|Gg
|l|☆Moreuptempo
|player|p2|
|l| forkuser1
|l| mom's hair
|l| Therazer456
