|j|☆Jakobwsmurfing
|j|☆Crustle48
|t:|1750835811
|gametype|doubles
|player|p1|Jakobwsmurfing|266|1250
|player|p2|Crustle48|169|1237
|teamsize|p1|6
|teamsize|p2|6
|gen|9
|tier|[Gen 9] VGC 2025 Reg I
|rated|
|rule|Species Clause: Limit one of each Pokémon
|rule|Item Clause: Limit 1 of each item
|clearpoke
|poke|p1|Regieleki, L50|
|poke|p1|Koraidon, L50|
|poke|p1|Calyrex-Shadow, L50|
|poke|p1|Lilligant-Hisui, L50, F|
|poke|p1|Hatterene, L50, F|
|poke|p1|Great Tusk, L50|
|poke|p2|Terapagos, L50, M|
|poke|p2|Tornadus, L50, M|
|poke|p2|Lunala, L50|
|poke|p2|Clefairy, L50, M|
|poke|p2|Landorus, L50, M|
|poke|p2|Chien-Pao, L50|
|teampreview|4
|
|t:|1750835844
|start
|switch|p1a: Regieleki|Regieleki, L50|100/100
|switch|p1b: Koraidon|Koraidon, L50|100/100
|switch|p2a: Tornadus|Tornadus, L50, M|100/100
|switch|p2b: Landorus|Landorus, L50, M|100/100
|-weather|SunnyDay|[from] ability: Orichalcum Pulse|[of] p1b: Koraidon
|-activate|p1b: Koraidon|Orichalcum Pulse|[source]
|turn|1
|
|t:|1750835866
|move|p2a: Tornadus|Rain Dance|p2a: Tornadus
|-weather|RainDance
|move|p1a: Regieleki|Volt Switch|p2a: Tornadus
|-supereffective|p2a: Tornadus
|-damage|p2a: Tornadus|42/100
|
|t:|1750835871
|switch|p1a: Great Tusk|Great Tusk, L50|100/100|[from] Volt Switch
|move|p1b: Koraidon|Flare Blitz|p2b: Landorus
|-damage|p2b: Landorus|66/100
|-damage|p1b: Koraidon|91/100|[from] Recoil
|-damage|p1b: Koraidon|81/100|[from] item: Life Orb
|move|p2b: Landorus|Sandsear Storm|p1b: Koraidon|[spread] p1a,p1b
|-damage|p1a: Great Tusk|16/100
|-damage|p1b: Koraidon|22/100
|
|-weather|RainDance|[upkeep]
|upkeep
|turn|2
|
|t:|1750835888
|switch|p1b: Regieleki|Regieleki, L50|100/100
|move|p2a: Tornadus|Tailwind|p2a: Tornadus
|-sidestart|p2: Crustle48|move: Tailwind
|move|p2b: Landorus|Sandsear Storm|p1b: Regieleki|[spread] p1a,p1b
|-supereffective|p1b: Regieleki
|-damage|p1a: Great Tusk|0 fnt
|-damage|p1b: Regieleki|0 fnt
|faint|p1a: Great Tusk
|-end|p1a: Great Tusk|Protosynthesis|[silent]
|faint|p1b: Regieleki
|
|-weather|RainDance|[upkeep]
|upkeep
|
|t:|1750835894
|switch|p1b: Calyrex|Calyrex-Shadow, L50|100/100
|switch|p1a: Koraidon|Koraidon, L50|22/100
|-ability|p1b: Calyrex|As One
|-ability|p1b: Calyrex|Unnerve
|-weather|SunnyDay|[from] ability: Orichalcum Pulse|[of] p1a: Koraidon
|-activate|p1a: Koraidon|Orichalcum Pulse|[source]
|turn|3
|-message|Jakobwsmurfing forfeited.
|
|win|Crustle48
|raw|Jakobwsmurfing's rating: 1250 &rarr; <strong>1224</strong><br />(-26 for losing)
|raw|Crustle48's rating: 1237 &rarr; <strong>1263</strong><br />(+26 for winning)
|l|☆Jakobwsmurfing
|player|p1|
|l|☆Crustle48
|player|p2|
