|j|☆sturbyy
|j|☆i❤娜禄forever
|t:|1750857272
|gametype|doubles
|player|p1|sturbyy|2|1586
|player|p2|i❤娜禄forever|youngcouple-gen4dp|1622
|teamsize|p1|6
|teamsize|p2|6
|gen|9
|tier|[Gen 9] VGC 2025 Reg I
|rated|
|rule|Species Clause: Limit one of each Pokémon
|rule|Item Clause: Limit 1 of each item
|clearpoke
|poke|p1|Miraidon, L50|
|poke|p1|Calyrex-Ice, L50|
|poke|p1|Incineroar, L50, M|
|poke|p1|Landorus, L50, M|
|poke|p1|Urshifu-*, L50, M|
|poke|p1|Farigiraf, L50, F|
|poke|p2|Koraidon, L50|
|poke|p2|Miraidon, L50|
|poke|p2|Whimsicott, L50, F|
|poke|p2|Ditto, L50|
|poke|p2|Raging Bolt, L50|
|poke|p2|Flutter Mane, L50|
|teampreview|4
|l|☆sturbyy
|player|p1|
|inactive|Battle timer is ON: inactive players will automatically lose when time's up. (requested by i❤娜禄forever)
|inactive|sturbyy has 30 seconds to reconnect!
|inactive|sturbyy has 20 seconds to reconnect!
|inactive|sturbyy has 15 seconds to reconnect!
|inactive|sturbyy has 10 seconds to reconnect!
|j|☆sturbyy
|inactive|sturbyy reconnected and has 40 seconds left.
|player|p1|sturbyy|2|
|
|t:|1750857399
|start
|switch|p1a: Calyrex|Calyrex-Ice, L50|100/100
|switch|p1b: Incineroar|Incineroar, L50, M|100/100
|switch|p2a: Koraidon|Koraidon, L50|100/100
|switch|p2b: Raging Bolt|Raging Bolt, L50|100/100
|-ability|p1a: Calyrex|As One
|-ability|p1a: Calyrex|Unnerve
|-weather|SunnyDay|[from] ability: Orichalcum Pulse|[of] p2a: Koraidon
|-activate|p2b: Raging Bolt|ability: Protosynthesis
|-start|p2b: Raging Bolt|protosynthesisspa
|-activate|p2a: Koraidon|Orichalcum Pulse|[source]
|-ability|p1b: Incineroar|Intimidate|boost
|-unboost|p2a: Koraidon|atk|1
|-unboost|p2b: Raging Bolt|atk|1
|turn|1
|l|☆i❤娜禄forever
|inactive|i❤娜禄forever disconnected and has a minute to reconnect!
|player|p2|
|inactive|i❤娜禄forever has 30 seconds left.
|inactive|sturbyy has 30 seconds left.
|inactive|i❤娜禄forever has 20 seconds left.
|j|☆i❤娜禄forever
|inactive|i❤娜禄forever reconnected and has 20 seconds left.
|player|p2|i❤娜禄forever|youngcouple-gen4dp|
|inactive|sturbyy has 20 seconds left.
|inactive|i❤娜禄forever has 15 seconds left.
|inactive|i❤娜禄forever has 10 seconds left.
|inactive|i❤娜禄forever has 5 seconds left.
|inactive|sturbyy has 15 seconds left.
|
|t:|1750857455
|move|p1b: Incineroar|Fake Out|p2a: Koraidon
|-damage|p2a: Koraidon|89/100
|move|p2b: Raging Bolt|Thunderclap|p1a: Calyrex
|-damage|p1a: Calyrex|72/100
|cant|p2a: Koraidon|flinch
|move|p1a: Calyrex|Glacial Lance|p2a: Koraidon|[spread] p2a,p2b
|-supereffective|p2a: Koraidon
|-supereffective|p2b: Raging Bolt
|-damage|p2a: Koraidon|10/100
|-damage|p2b: Raging Bolt|4/100
|
|-weather|SunnyDay|[upkeep]
|-heal|p1a: Calyrex|78/100|[from] item: Leftovers
|upkeep
|turn|2
|l|☆i❤娜禄forever
|inactive|i❤娜禄forever disconnected and has a minute to reconnect!
|player|p2|
|j|☆i❤娜禄forever
|inactive|i❤娜禄forever reconnected and has 50 seconds left.
|player|p2|i❤娜禄forever|youngcouple-gen4dp|
|l|☆sturbyy
|inactive|sturbyy disconnected and has a minute to reconnect!
|player|p1|
|j|☆sturbyy
|inactive|sturbyy reconnected and has 45 seconds left.
|player|p1|sturbyy|2|
|inactive|i❤娜禄forever has 30 seconds left.
|inactive|sturbyy has 30 seconds left.
|inactive|i❤娜禄forever has 20 seconds left.
|inactive|sturbyy has 20 seconds left.
|inactive|i❤娜禄forever has 15 seconds left.
|inactive|i❤娜禄forever has 10 seconds left.
|inactive|i❤娜禄forever has 5 seconds left.
|
|t:|1750857510
|move|p1a: Calyrex|Protect|p1a: Calyrex
|-singleturn|p1a: Calyrex|Protect
|move|p2b: Raging Bolt|Thunderclap|p1b: Incineroar
|-damage|p1b: Incineroar|72/100
|move|p2a: Koraidon|Collision Course|p1b: Incineroar
|-supereffective|p1b: Incineroar
|-damage|p1b: Incineroar|0 fnt
|faint|p1b: Incineroar
|-damage|p2a: Koraidon|0 fnt|[from] item: Life Orb
|faint|p2a: Koraidon
|
|-weather|SunnyDay|[upkeep]
|-heal|p1a: Calyrex|84/100|[from] item: Leftovers
|upkeep
|
|t:|1750857529
|switch|p2a: Miraidon|Miraidon, L50|100/100
|switch|p1b: Miraidon|Miraidon, L50|100/100
|-fieldstart|move: Electric Terrain|[from] ability: Hadron Engine|[of] p1b: Miraidon
|-enditem|p2b: Raging Bolt|Electric Seed
|-boost|p2b: Raging Bolt|def|1|[from] item: Electric Seed
|-activate|p2a: Miraidon|ability: Hadron Engine
|turn|3
|
|t:|1750857550
|switch|p1a: Farigiraf|Farigiraf, L50, F|100/100
|-enditem|p1a: Farigiraf|Electric Seed
|-boost|p1a: Farigiraf|def|1|[from] item: Electric Seed
|-terastallize|p1b: Miraidon|Fairy
|-terastallize|p2a: Miraidon|Fairy
|move|p2b: Raging Bolt|Thunderclap||[still]
|cant|p1a: Farigiraf|ability: Armor Tail|Thunderclap|[of] p2b: Raging Bolt
|move|p1b: Miraidon|Dazzling Gleam|p2b: Raging Bolt|[spread] p2a,p2b
|-supereffective|p2b: Raging Bolt
|-damage|p2a: Miraidon|65/100
|-damage|p2b: Raging Bolt|0 fnt
|faint|p2b: Raging Bolt
|-end|p2b: Raging Bolt|Protosynthesis|[silent]
|move|p2a: Miraidon|Dazzling Gleam|p1a: Farigiraf|[spread] p1a,p1b
|-damage|p1a: Farigiraf|50/100
|-damage|p1b: Miraidon|62/100
|
|-weather|SunnyDay|[upkeep]
|upkeep
|j| Forever1506
|inactive|i❤娜禄forever has 30 seconds left.
|
|t:|1750857577
|switch|p2b: Matha palm|Ditto, L50|100/100
|-transform|p2b: Matha palm|p1a: Farigiraf|[from] ability: Imposter
|turn|4
|l|☆i❤娜禄forever
|inactive|i❤娜禄forever disconnected and has a minute to reconnect!
|player|p2|
|inactive|i❤娜禄forever has 30 seconds left.
|inactive|i❤娜禄forever has 20 seconds left.
|inactive|i❤娜禄forever has 15 seconds left.
|inactive|i❤娜禄forever has 10 seconds left.
|inactive|i❤娜禄forever has 5 seconds left.
|-message|i❤娜禄forever lost due to inactivity.
|
|win|sturbyy
|raw|sturbyy's rating: 1586 &rarr; <strong>1608</strong><br />(+22 for winning)
|raw|i❤娜禄forever's rating: 1622 &rarr; <strong>1600</strong><br />(-22 for losing)
|l|☆sturbyy
|player|p1|
|l| Forever1506
