|j|☆Ayayaphone2
|j|☆lisi1219
|t:|1750829858
|gametype|doubles
|player|p1|Ayayaphone2|169|1096
|player|p2|lisi1219|266|1077
|teamsize|p1|6
|teamsize|p2|6
|gen|9
|tier|[Gen 9] VGC 2025 Reg I
|rated|
|rule|Species Clause: Limit one of each Pokémon
|rule|Item Clause: Limit 1 of each item
|clearpoke
|poke|p1|Thundurus-Therian, L50, M|
|poke|p1|Pelipper, L50, F|
|poke|p1|Ludicolo, L50, M|
|poke|p1|Overqwil, L50, F|
|poke|p1|Pincurchin, L50, M|
|poke|p1|Tsareena, L50, F|
|poke|p2|Lunala, L50|
|poke|p2|Ursaluna, L50, M|
|poke|p2|Miraidon, L50|
|poke|p2|Grimmsnarl, L50, M|
|poke|p2|Incineroar, L50, M|
|poke|p2|Urshifu-*, L50, F|
|teampreview|4
|inactive|Battle timer is ON: inactive players will automatically lose when time's up. (requested by Ayayaphone2)
|inactive|lisi1219 has 60 seconds left.
|
|t:|1750829917
|start
|switch|p1a: Pincurchin|Pincurchin, L50, M|100/100
|switch|p1b: Pelipper|Pelipper, L50, F|100/100
|switch|p2a: Miraidon|Miraidon, L50|100/100
|switch|p2b: Incineroar|Incineroar, L50, M, shiny|100/100
|-fieldstart|move: Electric Terrain|[from] ability: Hadron Engine|[of] p2a: Miraidon
|-weather|RainDance|[from] ability: Drizzle|[of] p1b: Pelipper
|-ability|p2b: Incineroar|Intimidate|boost
|-unboost|p1a: Pincurchin|atk|1
|-unboost|p1b: Pelipper|atk|1
|turn|1
|inactive|lisi1219 has 30 seconds left.
|
|t:|1750829947
|switch|p1b: Thundurus|Thundurus-Therian, L50, M|100/100
|-terastallize|p2a: Miraidon|Electric
|move|p2b: Incineroar|Fake Out|p1b: Thundurus
|-damage|p1b: Thundurus|88/100
|move|p2a: Miraidon|Electro Drift|p1b: Thundurus
|-heal|p1b: Thundurus|100/100|[from] ability: Volt Absorb|[of] p2a: Miraidon
|move|p1a: Pincurchin|Toxic Spikes|p2a: Miraidon
|-sidestart|p2: lisi1219|move: Toxic Spikes
|
|-weather|RainDance|[upkeep]
|upkeep
|turn|2
|inactive|Ayayaphone2 has 30 seconds left.
|inactive|lisi1219 has 30 seconds left.
|inactive|lisi1219 has 20 seconds left.
|inactive|lisi1219 has 15 seconds left.
|inactive|lisi1219 has 10 seconds left.
|
|t:|1750829995
|move|p2a: Miraidon|Snarl|p1a: Pincurchin|[spread] p1a,p1b
|-damage|p1a: Pincurchin|75/100
|-damage|p1b: Thundurus|85/100
|-unboost|p1a: Pincurchin|spa|1
|-unboost|p1b: Thundurus|spa|1
|move|p1b: Thundurus|Wildbolt Storm|p2a: Miraidon|[spread] p2a,p2b
|-resisted|p2a: Miraidon
|-damage|p2a: Miraidon|93/100
|-damage|p2b: Incineroar|71/100
|move|p2b: Incineroar|Parting Shot|p1a: Pincurchin
|-unboost|p1a: Pincurchin|atk|1
|-unboost|p1a: Pincurchin|spa|1
|
|t:|1750830005
|switch|p2b: Ursaluna|Ursaluna, L50, M|100/100|[from] Parting Shot
|-status|p2b: Ursaluna|psn
|move|p1a: Pincurchin|Discharge|p2a: Miraidon|[spread] p2a
|-heal|p1b: Thundurus|100/100|[from] ability: Volt Absorb|[of] p1a: Pincurchin
|-immune|p2b: Ursaluna
|-resisted|p2a: Miraidon
|-damage|p2a: Miraidon|90/100
|
|-weather|RainDance|[upkeep]
|-damage|p2b: Ursaluna|88/100 psn|[from] psn
|upkeep
|turn|3
|inactive|Ayayaphone2 has 30 seconds left.
|inactive|lisi1219 has 30 seconds left.
|
|t:|1750830043
|move|p2a: Miraidon|Draco Meteor|p1a: Pincurchin
|-damage|p1a: Pincurchin|0 fnt
|-unboost|p2a: Miraidon|spa|2
|faint|p1a: Pincurchin
|move|p1b: Thundurus|Weather Ball|p2b: Ursaluna
|-supereffective|p2b: Ursaluna
|-damage|p2b: Ursaluna|8/100 psn
|move|p2b: Ursaluna|Facade|p1b: Thundurus
|-damage|p1b: Thundurus|0 fnt
|faint|p1b: Thundurus
|
|-weather|RainDance|[upkeep]
|-damage|p2b: Ursaluna|0 fnt|[from] psn
|faint|p2b: Ursaluna
|upkeep
|inactive|Ayayaphone2 has 30 seconds left.
|
|t:|1750830069
|switch|p1b: Overqwil|Overqwil, L50, F|100/100
|switch|p2b: Lunala|Lunala, L50|100/100
|switch|p1a: Pelipper|Pelipper, L50, F|100/100
|-status|p2b: Lunala|psn
|-enditem|p2b: Lunala|Electric Seed
|-boost|p2b: Lunala|def|1|[from] item: Electric Seed
|turn|4
|inactive|Ayayaphone2 has 30 seconds left.
|
|t:|1750830098
|-terastallize|p1b: Overqwil|Dark
|move|p1a: Pelipper|Wide Guard|p1a: Pelipper
|-singleturn|p1a: Pelipper|Wide Guard
|move|p1b: Overqwil|Crunch|p2a: Miraidon
|-damage|p2a: Miraidon|30/100
|-damage|p1b: Overqwil|91/100|[from] item: Life Orb
|move|p2a: Miraidon|Electro Drift|p1a: Pelipper
|-supereffective|p1a: Pelipper
|-damage|p1a: Pelipper|0 fnt
|faint|p1a: Pelipper
|move|p2b: Lunala|Moonblast|p1b: Overqwil
|-supereffective|p1b: Overqwil
|-damage|p1b: Overqwil|0 fnt
|faint|p1b: Overqwil
|
|win|lisi1219
|raw|Ayayaphone2's rating: 1096 &rarr; <strong>1070</strong><br />(-26 for losing)
|raw|lisi1219's rating: 1077 &rarr; <strong>1107</strong><br />(+30 for winning)
|l|☆lisi1219
|player|p2|
