|j|☆imissclaire
|j|☆bonobobohemio
|t:|1750749663
|gametype|doubles
|player|p1|imissclaire|ghetsis|1490
|player|p2|bonobobohemio|drayden|1429
|teamsize|p1|6
|teamsize|p2|6
|gen|9
|tier|[Gen 9] VGC 2025 Reg I
|rated|
|rule|Species Clause: Limit one of each Pokémon
|rule|Item Clause: Limit 1 of each item
|clearpoke
|poke|p1|Incineroar, L50, M|
|poke|p1|Sinistcha, L50|
|poke|p1|Lunala, L50|
|poke|p1|Miraidon, L50|
|poke|p1|Volcarona, L50, M|
|poke|p1|Urshifu-*, L50, F|
|poke|p2|Reshiram, L50|
|poke|p2|Koraidon, L50|
|poke|p2|Murkrow, L50, F|
|poke|p2|Indeedee-F, L50, F|
|poke|p2|Ogerpon-Wellspring, L50, F|
|poke|p2|Raging Bolt, L50|
|teampreview|4
|inactive|Battle timer is ON: inactive players will automatically lose when time's up. (requested by bonobobohemio)
|inactive|imissclaire has 60 seconds left.
|inactive|imissclaire has 30 seconds left.
|inactive|imissclaire has 20 seconds left.
|inactive|imissclaire has 15 seconds left.
|inactive|imissclaire has 10 seconds left.
|inactive|imissclaire has 5 seconds left.
|
|t:|1750749748
|start
|switch|p1a: Lunala|Lunala, L50|100/100
|switch|p1b: Miraidon|Miraidon, L50|100/100
|switch|p2a: Indeedee|Indeedee-F, L50, F|100/100
|switch|p2b: Koraidon|Koraidon, L50|100/100
|-fieldstart|move: Electric Terrain|[from] ability: Hadron Engine|[of] p1b: Miraidon
|-weather|SunnyDay|[from] ability: Orichalcum Pulse|[of] p2b: Koraidon
|-activate|p2b: Koraidon|Orichalcum Pulse|[source]
|-fieldstart|move: Psychic Terrain|[from] ability: Psychic Surge|[of] p2a: Indeedee
|turn|1
|inactive|imissclaire has 30 seconds left.
|
|t:|1750749774
|-terastallize|p2b: Koraidon|Fire
|move|p1b: Miraidon|Draco Meteor|p2b: Koraidon
|-damage|p2b: Koraidon|31/100
|-unboost|p1b: Miraidon|spa|2
|move|p2b: Koraidon|Close Combat|p1b: Miraidon
|-damage|p1b: Miraidon|0 fnt
|-unboost|p2b: Koraidon|def|1
|-unboost|p2b: Koraidon|spd|1
|faint|p1b: Miraidon
|-damage|p2b: Koraidon|22/100|[from] item: Life Orb
|move|p1a: Lunala|Calm Mind|p1a: Lunala
|-boost|p1a: Lunala|spa|1
|-boost|p1a: Lunala|spd|1
|move|p2a: Indeedee|Psychic|p1a: Lunala
|-resisted|p1a: Lunala
|-damage|p1a: Lunala|96/100
|
|-weather|SunnyDay|[upkeep]
|upkeep
|
|t:|1750749798
|switch|p1b: Incineroar|Incineroar, L50, M|100/100
|turn|2
|
|t:|1750749810
|switch|p1b: Sinistcha|Sinistcha, L50|100/100
|-heal|p1a: Lunala|100/100|[from] ability: Hospitality|[of] p1b: Sinistcha
|-terastallize|p1a: Lunala|Fairy
|move|p2a: Indeedee|Follow Me|p2a: Indeedee
|-singleturn|p2a: Indeedee|move: Follow Me
|move|p2b: Koraidon|Flare Blitz|p1a: Lunala
|-damage|p1a: Lunala|36/100
|-damage|p2b: Koraidon|0 fnt|[from] Recoil
|faint|p2b: Koraidon
|move|p1a: Lunala|Dazzling Gleam|p2a: Indeedee
|-damage|p2a: Indeedee|41/100
|
|-weather|SunnyDay|[upkeep]
|upkeep
|
|t:|1750749813
|switch|p2b: Reshiram|Reshiram, L50, shiny|100/100
|-ability|p2b: Reshiram|Turboblaze
|turn|3
|
|t:|1750749831
|switch|p1b: Incineroar|Incineroar, L50, M|100/100
|move|p2a: Indeedee|Helping Hand|p2b: Reshiram
|-singleturn|p2b: Reshiram|Helping Hand|[of] p2a: Indeedee
|move|p1a: Lunala|Protect|p1a: Lunala
|-singleturn|p1a: Lunala|Protect
|move|p2b: Reshiram|Heat Wave|p1a: Lunala|[spread] p1b
|-activate|p1a: Lunala|move: Protect
|-resisted|p1b: Incineroar
|-damage|p1b: Incineroar|72/100
|
|-weather|SunnyDay|[upkeep]
|upkeep
|turn|4
|
|t:|1750749851
|switch|p1b: Sinistcha|Sinistcha, L50|100/100
|-heal|p1a: Lunala|61/100|[from] ability: Hospitality|[of] p1b: Sinistcha
|move|p2a: Indeedee|Helping Hand|p2b: Reshiram
|-singleturn|p2b: Reshiram|Helping Hand|[of] p2a: Indeedee
|move|p2b: Reshiram|Blue Flare|p1a: Lunala
|-damage|p1a: Lunala|0 fnt
|faint|p1a: Lunala
|
|-weather|SunnyDay|[upkeep]
|upkeep
|-message|imissclaire forfeited.
|
|win|bonobobohemio
|raw|imissclaire's rating: 1490 &rarr; <strong>1467</strong><br />(-23 for losing)
|raw|bonobobohemio's rating: 1429 &rarr; <strong>1452</strong><br />(+23 for winning)
|l|☆imissclaire
|player|p1|
|l|☆bonobobohemio
|player|p2|
