|j|☆AsukaHikaru
|j|☆It'sJustKen VGC
|t:|1750818853
|gametype|doubles
|player|p1|AsukaHikaru|102|1672
|player|p2|It'sJustKen VGC|caitlin|1652
|teamsize|p1|6
|teamsize|p2|6
|gen|9
|tier|[Gen 9] VGC 2025 Reg I
|rated|
|rule|Species Clause: Limit one of each Pokémon
|rule|Item Clause: Limit 1 of each item
|clearpoke
|poke|p1|Calyrex-Ice, L50|
|poke|p1|Whimsicott, L50, F|
|poke|p1|Urshifu-*, L50, M|
|poke|p1|Landorus, L50, M|
|poke|p1|Incineroar, L50, M|
|poke|p1|Miraidon, L50|
|poke|p2|Incineroar, L50, M|
|poke|p2|Urshifu-*, L50, F|
|poke|p2|Amoonguss, L50, M|
|poke|p2|Calyrex-Shadow, L50|
|poke|p2|Tornadus, L50, M|
|poke|p2|Terapagos, L50, M|
|teampreview|4
|inactive|Battle timer is ON: inactive players will automatically lose when time's up. (requested by It'sJustKen VGC)
|inactive|AsukaHikaru has 60 seconds left.
|
|t:|1750818884
|start
|switch|p1a: Incineroar|Incineroar, L50, M|100/100
|switch|p1b: Miraidon|Miraidon, L50|100/100
|switch|p2a: @Not Wolfe Glick|Incineroar, L50, M|100/100
|switch|p2b: Chicken Jockey|Calyrex-Shadow, L50|100/100
|-ability|p2b: Chicken Jockey|As One
|-ability|p2b: Chicken Jockey|Unnerve
|-fieldstart|move: Electric Terrain|[from] ability: Hadron Engine|[of] p1b: Miraidon
|-ability|p2a: @Not Wolfe Glick|Intimidate|boost
|-unboost|p1a: Incineroar|atk|1
|-unboost|p1b: Miraidon|atk|1
|-ability|p1a: Incineroar|Intimidate|boost
|-unboost|p2a: @Not Wolfe Glick|atk|1
|-unboost|p2b: Chicken Jockey|atk|1
|turn|1
|
|t:|1750818902
|-terastallize|p2b: Chicken Jockey|Ghost
|move|p2a: @Not Wolfe Glick|Fake Out|p1b: Miraidon
|-damage|p1b: Miraidon|93/100
|move|p2b: Chicken Jockey|Astral Barrage|p1a: Incineroar|[spread] p1a,p1b
|-resisted|p1a: Incineroar
|-damage|p1a: Incineroar|69/100
|-damage|p1b: Miraidon|17/100
|-damage|p2b: Chicken Jockey|91/100|[from] item: Life Orb
|cant|p1b: Miraidon|flinch
|move|p1a: Incineroar|Knock Off|p2b: Chicken Jockey
|-supereffective|p2b: Chicken Jockey
|-damage|p2b: Chicken Jockey|18/100
|-enditem|p2b: Chicken Jockey|Life Orb|[from] move: Knock Off|[of] p1a: Incineroar
|
|upkeep
|turn|2
|
|t:|1750818922
|move|p2b: Chicken Jockey|Astral Barrage|p1b: Miraidon|[spread] p1a,p1b
|-resisted|p1a: Incineroar
|-crit|p1b: Miraidon
|-damage|p1a: Incineroar|44/100
|-damage|p1b: Miraidon|0 fnt
|faint|p1b: Miraidon
|-ability|p2b: Chicken Jockey|Grim Neigh|boost
|-boost|p2b: Chicken Jockey|spa|1
|move|p2a: @Not Wolfe Glick|Knock Off|p1a: Incineroar
|-resisted|p1a: Incineroar
|-damage|p1a: Incineroar|28/100
|-enditem|p1a: Incineroar|Assault Vest|[from] move: Knock Off|[of] p2a: @Not Wolfe Glick
|move|p1a: Incineroar|Knock Off|p2b: Chicken Jockey
|-supereffective|p2b: Chicken Jockey
|-damage|p2b: Chicken Jockey|0 fnt
|faint|p2b: Chicken Jockey
|
|upkeep
|
|t:|1750818939
|switch|p2b: Steven He|Urshifu-Rapid-Strike, L50, F|100/100
|switch|p1b: Calyrex|Calyrex-Ice, L50|100/100
|-ability|p1b: Calyrex|As One
|-ability|p1b: Calyrex|Unnerve
|turn|3
|
|t:|1750818964
|switch|p1a: Whimsicott|Whimsicott, L50, F|100/100
|-terastallize|p1b: Calyrex|Fairy
|move|p2b: Steven He|Surging Strikes|p1a: Whimsicott
|-resisted|p1a: Whimsicott
|-crit|p1a: Whimsicott
|-damage|p1a: Whimsicott|92/100
|-resisted|p1a: Whimsicott
|-crit|p1a: Whimsicott
|-damage|p1a: Whimsicott|81/100
|-resisted|p1a: Whimsicott
|-crit|p1a: Whimsicott
|-damage|p1a: Whimsicott|72/100
|-hitcount|p1a: Whimsicott|3
|move|p2a: @Not Wolfe Glick|U-turn|p1a: Whimsicott
|-damage|p1a: Whimsicott|57/100
|
|t:|1750818966
|switch|p2a: PTSD Mushroom|Amoonguss, L50, M|100/100|[from] U-turn
|move|p1b: Calyrex|Leech Seed|p2b: Steven He
|-start|p2b: Steven He|move: Leech Seed
|
|-damage|p2b: Steven He|88/100|[from] Leech Seed|[of] p1b: Calyrex
|upkeep
|turn|4
|inactive|AsukaHikaru has 30 seconds left.
|
|t:|1750818992
|switch|p2b: @Not Wolfe Glick|Incineroar, L50, M|100/100
|-ability|p2b: @Not Wolfe Glick|Intimidate|boost
|-unboost|p1a: Whimsicott|atk|1
|-unboost|p1b: Calyrex|atk|1
|move|p1a: Whimsicott|Moonblast|p2a: PTSD Mushroom
|-resisted|p2a: PTSD Mushroom
|-damage|p2a: PTSD Mushroom|89/100
|move|p1b: Calyrex|Leech Seed|p2a: PTSD Mushroom
|-immune|p2a: PTSD Mushroom
|move|p2a: PTSD Mushroom|Sludge Bomb|p1a: Whimsicott
|-supereffective|p1a: Whimsicott
|-damage|p1a: Whimsicott|0 fnt
|faint|p1a: Whimsicott
|
|upkeep
|-message|AsukaHikaru forfeited.
|
|win|It'sJustKen VGC
|raw|AsukaHikaru's rating: 1672 &rarr; <strong>1651</strong><br />(-21 for losing)
|raw|It&apos;sJustKen VGC's rating: 1652 &rarr; <strong>1673</strong><br />(+21 for winning)
|l|☆AsukaHikaru
|player|p1|
|l|☆It'sJustKen VGC
|player|p2|
