|j|☆Lei43
|j|☆glowsharp
|t:|1750832556
|gametype|doubles
|player|p1|Lei43|unknown|1576
|player|p2|glowsharp|nate|1458
|teamsize|p1|6
|teamsize|p2|6
|gen|9
|tier|[Gen 9] VGC 2025 Reg I
|rated|
|rule|Species Clause: Limit one of each Pokémon
|rule|Item Clause: Limit 1 of each item
|clearpoke
|poke|p1|Calyrex-Shadow, L50|
|poke|p1|Smeargle, L50, M|
|poke|p1|Kyogre, L50|
|poke|p1|Urshifu-*, L50, M|
|poke|p1|Indeedee-F, L50, F|
|poke|p1|Iron Jugulis, L50|
|poke|p2|Kyogre, L50|
|poke|p2|Basculegion, L50, M|
|poke|p2|Iron Treads, L50|
|poke|p2|Calyrex-Ice, L50|
|poke|p2|Indeedee-F, L50, F|
|poke|p2|Tornadus, L50, M|
|teampreview|4
|
|t:|1750832622
|start
|switch|p1a: Calyrex|Calyrex-Shadow, L50|100/100
|switch|p1b: Smeargle|Smeargle, L50, M|100/100
|switch|p2a: Calyrex|Calyrex-Ice, L50|100/100
|switch|p2b: Indeedee|Indeedee-F, L50, F|100/100
|-ability|p1a: Calyrex|As One
|-ability|p1a: Calyrex|Unnerve
|-ability|p2a: Calyrex|As One
|-ability|p2a: Calyrex|Unnerve
|-fieldstart|move: Psychic Terrain|[from] ability: Psychic Surge|[of] p2b: Indeedee
|-enditem|p2b: Indeedee|Psychic Seed
|-boost|p2b: Indeedee|spd|1|[from] item: Psychic Seed
|turn|1
|
|t:|1750832643
|switch|p1b: Indeedee|Indeedee-F, L50, F|100/100
|-terastallize|p2a: Calyrex|Grass
|move|p1a: Calyrex|Expanding Force|p2a: Calyrex|[spread] p2a,p2b
|-resisted|p2b: Indeedee
|-damage|p2a: Calyrex|34/100
|-damage|p2b: Indeedee|67/100
|move|p2b: Indeedee|Psychic|p1b: Indeedee
|-resisted|p1b: Indeedee
|-damage|p1b: Indeedee|81/100
|move|p2a: Calyrex|Trick Room|p2a: Calyrex
|-fieldstart|move: Trick Room|[of] p2a: Calyrex
|
|upkeep
|turn|2
|
|t:|1750832662
|move|p2a: Calyrex|Glacial Lance|p1b: Indeedee|[spread] p1a,p1b
|-damage|p1a: Calyrex|32/100
|-damage|p1b: Indeedee|21/100
|move|p2b: Indeedee|Psychic|p1a: Calyrex
|-resisted|p1a: Calyrex
|-damage|p1a: Calyrex|13/100
|move|p1a: Calyrex|Expanding Force|p2b: Indeedee|[spread] p2a,p2b
|-resisted|p2b: Indeedee
|-damage|p2a: Calyrex|0 fnt
|-damage|p2b: Indeedee|30/100
|faint|p2a: Calyrex
|-ability|p1a: Calyrex|Grim Neigh|boost
|-boost|p1a: Calyrex|spa|1
|move|p1b: Indeedee|Trick Room|p1b: Indeedee
|-fieldend|move: Trick Room
|
|upkeep
|l|☆glowsharp
|player|p2|
|j|☆glowsharp
|player|p2|glowsharp|nate|
|
|t:|1750832723
|switch|p2a: Basculegion|Basculegion, L50, M|100/100
|turn|3
|
|t:|1750832737
|switch|p2b: Kyogre|Kyogre, L50|100/100
|-weather|RainDance|[from] ability: Drizzle|[of] p2b: Kyogre
|move|p1b: Indeedee|Follow Me|p1b: Indeedee
|-singleturn|p1b: Indeedee|move: Follow Me
|move|p2a: Basculegion|Flip Turn|p1b: Indeedee
|-damage|p1b: Indeedee|0 fnt
|-damage|p2a: Basculegion|84/100|[from] item: Rocky Helmet|[of] p1b: Indeedee
|faint|p1b: Indeedee
|-damage|p2a: Basculegion|74/100|[from] item: Life Orb
|
|t:|1750832748
|switch|p2a: Indeedee|Indeedee-F, L50, F|30/100|[from] Flip Turn
|move|p1a: Calyrex|Expanding Force|p2b: Kyogre|[spread] p2a,p2b
|-resisted|p2a: Indeedee
|-damage|p2a: Indeedee|0 fnt
|-damage|p2b: Kyogre|0 fnt
|faint|p2a: Indeedee
|faint|p2b: Kyogre
|-ability|p1a: Calyrex|Grim Neigh|boost
|-boost|p1a: Calyrex|spa|2
|
|-weather|RainDance|[upkeep]
|upkeep
|-message|glowsharp forfeited.
|
|win|Lei43
|raw|Lei43's rating: 1576 &rarr; <strong>1589</strong><br />(+13 for winning)
|raw|glowsharp's rating: 1458 &rarr; <strong>1445</strong><br />(-13 for losing)
|l|☆glowsharp
|player|p2|
|l|☆Lei43
|player|p1|
