|j|☆It'sJustKen VGC
|j|☆wowee20
|t:|1750730096
|gametype|doubles
|player|p1|It'sJustKen VGC|player-go|1559
|player|p2|wowee20|2|1655
|teamsize|p1|6
|teamsize|p2|6
|gen|9
|tier|[Gen 9] VGC 2025 Reg I
|rated|
|rule|Species Clause: Limit one of each Pokémon
|rule|Item Clause: Limit 1 of each item
|clearpoke
|poke|p1|Incineroar, L50, M|
|poke|p1|Urshifu-*, L50, M|
|poke|p1|Amoonguss, L50, M|
|poke|p1|Calyrex-Shadow, L50|
|poke|p1|Tornadus, L50, M|
|poke|p1|Terapagos, L50, M|
|poke|p2|Flamigo, L50, M|
|poke|p2|Calyrex-Shadow, L50|
|poke|p2|Terapagos, L50, M|
|poke|p2|Amoonguss, L50, M|
|poke|p2|Talonflame, L50, M|
|poke|p2|Ogerpon-Cornerstone, L50, F|
|teampreview|4
|inactive|Battle timer is ON: inactive players will automatically lose when time's up. (requested by It'sJustKen VGC)
|inactive|wowee20 has 60 seconds left.
|
|t:|1750730129
|start
|switch|p1a: Steven He|Urshifu-Rapid-Strike, L50, M|100/100
|switch|p1b: TTE|Tornadus, L50, M|100/100
|switch|p2a: Talonflame|Talonflame, L50, M|100/100
|switch|p2b: Calyrex|Calyrex-Shadow, L50|100/100
|-ability|p2b: Calyrex|As One
|-ability|p2b: Calyrex|Unnerve
|turn|1
|
|t:|1750730137
|-terastallize|p1a: Steven He|Water
|-terastallize|p2b: Calyrex|Ghost
|move|p1b: TTE|Tailwind|p1b: TTE
|-sidestart|p1: It'sJustKen VGC|move: Tailwind
|move|p2a: Talonflame|Tailwind|p2a: Talonflame
|-sidestart|p2: wowee20|move: Tailwind
|move|p1a: Steven He|Surging Strikes|p2b: Calyrex
|-crit|p2b: Calyrex
|-damage|p2b: Calyrex|62/100
|-crit|p2b: Calyrex
|-damage|p2b: Calyrex|23/100
|-crit|p2b: Calyrex
|-damage|p2b: Calyrex|0 fnt
|faint|p2b: Calyrex
|-hitcount|p2: Calyrex|3
|
|upkeep
|
|t:|1750730148
|switch|p2b: Terapagos|Terapagos, L50, M|100/100
|-activate|p2b: Terapagos|ability: Tera Shift
|detailschange|p2b: Terapagos|Terapagos-Terastal, L50, M
|-heal|p2b: Terapagos|100/100|[silent]
|turn|2
|
|t:|1750730165
|move|p2a: Talonflame|Brave Bird|p1a: Steven He
|-damage|p1a: Steven He|29/100
|-damage|p2a: Talonflame|73/100|[from] Recoil
|-damage|p2a: Talonflame|63/100|[from] item: Life Orb
|move|p1a: Steven He|Surging Strikes|p2b: Terapagos
|-activate|p2b: Terapagos|ability: Tera Shell
|-resisted|p2b: Terapagos
|-crit|p2b: Terapagos
|-damage|p2b: Terapagos|86/100
|-resisted|p2b: Terapagos
|-crit|p2b: Terapagos
|-damage|p2b: Terapagos|71/100
|-resisted|p2b: Terapagos
|-crit|p2b: Terapagos
|-damage|p2b: Terapagos|58/100
|-hitcount|p2b: Terapagos|3
|move|p1b: TTE|Bleakwind Storm|p2a: Talonflame|[spread] p2b
|-miss|p1b: TTE|p2a: Talonflame
|-damage|p2b: Terapagos|22/100
|move|p2b: Terapagos|Meteor Beam||[still]
|-prepare|p2b: Terapagos|Meteor Beam
|-boost|p2b: Terapagos|spa|1
|-enditem|p2b: Terapagos|Power Herb
|-anim|p2b: Terapagos|Meteor Beam|p1b: TTE
|-supereffective|p1b: TTE
|-enditem|p1b: TTE|Focus Sash
|-damage|p1b: TTE|1/100
|
|upkeep
|turn|3
|inactive|It'sJustKen VGC has 30 seconds left.
|
|t:|1750730191
|move|p1a: Steven He|Surging Strikes|p2a: Talonflame
|-supereffective|p2a: Talonflame
|-crit|p2a: Talonflame
|-damage|p2a: Talonflame|0 fnt
|faint|p2a: Talonflame
|-hitcount|p2: Talonflame|1
|move|p1b: TTE|Bleakwind Storm|p2b: Terapagos
|-damage|p2b: Terapagos|0 fnt
|faint|p2b: Terapagos
|
|upkeep
|-message|wowee20 forfeited.
|
|win|It'sJustKen VGC
|raw|It&apos;sJustKen VGC's rating: 1540 &rarr; <strong>1566</strong><br />(+26 for winning)
|raw|wowee20's rating: 1655 &rarr; <strong>1629</strong><br />(-26 for losing)
|l|☆It'sJustKen VGC
|player|p1|
