|j|☆Borislax
|j|☆ComputerYui
|t:|1750814084
|gametype|doubles
|player|p1|Borislax|elesa|1496
|player|p2|ComputerYui|artist-gen4|1591
|teamsize|p1|6
|teamsize|p2|6
|gen|9
|tier|[Gen 9] VGC 2025 Reg I
|rated|
|rule|Species Clause: Limit one of each Pokémon
|rule|Item Clause: Limit 1 of each item
|clearpoke
|poke|p1|Rayquaza, L50|
|poke|p1|Chien-Pao, L50|
|poke|p1|Dondozo, L50, M|
|poke|p1|Tatsugiri, L50, F|
|poke|p1|Calyrex-Shadow, L50|
|poke|p1|Chi-Yu, L50|
|poke|p2|Armarouge, L50, M|
|poke|p2|Indeedee-F, L50, F|
|poke|p2|Koraidon, L50|
|poke|p2|Whimsicott, L50, F|
|poke|p2|Brute Bonnet, L50|
|poke|p2|Palkia-Origin, L50|
|teampreview|4
|
|t:|1750814116
|start
|switch|p1a: Oogie|Rayquaza, L50|100/100
|switch|p1b: Boogie|Chien-Pao, L50|100/100
|switch|p2a: Brute Bonnet|Brute Bonnet, L50, shiny|100/100
|switch|p2b: Koraidon|Koraidon, L50|100/100
|-weather|SunnyDay|[from] ability: Orichalcum Pulse|[of] p2b: Koraidon
|-activate|p2b: Koraidon|Orichalcum Pulse|[source]
|-ability|p1b: Boogie|Sword of Ruin
|-ability|p1a: Oogie|Air Lock
|turn|1
|
|t:|1750814182
|move|p1b: Boogie|Protect|p1b: Boogie
|-singleturn|p1b: Boogie|Protect
|move|p2a: Brute Bonnet|Sucker Punch||[still]
|-fail|p2a: Brute Bonnet
|move|p2b: Koraidon|U-turn|p1b: Boogie
|-activate|p1b: Boogie|move: Protect
|move|p1a: Oogie|Dragon Ascent|p2a: Brute Bonnet
|-supereffective|p2a: Brute Bonnet
|-damage|p2a: Brute Bonnet|0 fnt
|-unboost|p1a: Oogie|def|1
|-unboost|p1a: Oogie|spd|1
|faint|p2a: Brute Bonnet
|-end|p2a: Brute Bonnet|Protosynthesis|[silent]
|
|-weather|SunnyDay|[upkeep]
|upkeep
|
|t:|1750814199
|switch|p2a: Armarouge|Armarouge, L50, M, shiny|100/100
|turn|2
|
|t:|1750814219
|switch|p2a: Indeedee|Indeedee-F, L50, F, shiny|100/100
|-fieldstart|move: Psychic Terrain|[from] ability: Psychic Surge|[of] p2a: Indeedee
|move|p2b: Koraidon|U-turn|p1b: Boogie
|-supereffective|p1b: Boogie
|-damage|p1b: Boogie|31/100
|
|t:|1750814227
|switch|p2b: Armarouge|Armarouge, L50, M, shiny|100/100|[from] U-turn
|move|p1b: Boogie|Throat Chop|p2a: Indeedee
|-supereffective|p2a: Indeedee
|-damage|p2a: Indeedee|0 fnt
|faint|p2a: Indeedee
|move|p1a: Oogie|Dragon Ascent|p2b: Armarouge
|-damage|p2b: Armarouge|0 fnt
|-unboost|p1a: Oogie|def|1
|-unboost|p1a: Oogie|spd|1
|faint|p2b: Armarouge
|
|-weather|SunnyDay|[upkeep]
|upkeep
|-message|ComputerYui forfeited.
|
|win|Borislax
|raw|Borislax's rating: 1472 &rarr; <strong>1499</strong><br />(+27 for winning)
|raw|ComputerYui's rating: 1591 &rarr; <strong>1564</strong><br />(-27 for losing)
|l|☆ComputerYui
|player|p2|
|l|☆Borislax
|player|p1|
