|j|☆magicorolla
|j|☆Blu94
|t:|1750834911
|gametype|doubles
|player|p1|magicorolla|clerkf|1424
|player|p2|Blu94|266|1447
|teamsize|p1|6
|teamsize|p2|6
|gen|9
|tier|[Gen 9] VGC 2025 Reg I
|rated|
|rule|Species Clause: Limit one of each Pokémon
|rule|Item Clause: Limit 1 of each item
|clearpoke
|poke|p1|Indeedee-F, L50, F|
|poke|p1|Smeargle, L50, M|
|poke|p1|Urshifu-*, L50, M|
|poke|p1|Calyrex-Ice, L50|
|poke|p1|Lunala, L50|
|poke|p1|Torkoal, L50, M|
|poke|p2|Zacian-*, L50|
|poke|p2|Miraidon, L50|
|poke|p2|Pelipper, L50, F|
|poke|p2|Sneasler, L50, F|
|poke|p2|Thundurus, L50, M|
|poke|p2|Urshifu-*, L50, M|
|teampreview|4
Blu94 rejected open team sheets.
|inactive|Battle timer is ON: inactive players will automatically lose when time's up. (requested by magicorolla)
|
|t:|1750834947
|start
|switch|p1a: Indeedee|Indeedee-F, L50, F, shiny|100/100
|switch|p1b: Lunala|Lunala, L50, shiny|100/100
|switch|p2a: Thundurus|Thundurus, L50, M|100/100
|switch|p2b: Miraidon|Miraidon, L50|100/100
|-fieldstart|move: Electric Terrain|[from] ability: Hadron Engine|[of] p2b: Miraidon
|-fieldstart|move: Psychic Terrain|[from] ability: Psychic Surge|[of] p1a: Indeedee
|turn|1
|
|t:|1750834969
|switch|p2b: Pelipper|Pelipper, L50, F|100/100
|-weather|RainDance|[from] ability: Drizzle|[of] p2b: Pelipper
|move|p2a: Thundurus|Electroweb|p1a: Indeedee|[spread] p1a,p1b
|-damage|p1a: Indeedee|85/100
|-damage|p1b: Lunala|94/100
|-unboost|p1a: Indeedee|spe|1
|-unboost|p1b: Lunala|spe|1
|move|p1b: Lunala|Meteor Beam||[still]
|-prepare|p1b: Lunala|Meteor Beam
|-boost|p1b: Lunala|spa|1
|-enditem|p1b: Lunala|Power Herb
|-anim|p1b: Lunala|Meteor Beam|p2a: Thundurus
|-supereffective|p2a: Thundurus
|-damage|p2a: Thundurus|0 fnt
|faint|p2a: Thundurus
|move|p1a: Indeedee|Trick Room|p1a: Indeedee
|-fieldstart|move: Trick Room|[of] p1a: Indeedee
|
|-weather|RainDance|[upkeep]
|upkeep
|
|t:|1750834985
|switch|p2a: Miraidon|Miraidon, L50|100/100
|-fieldstart|move: Electric Terrain|[from] ability: Hadron Engine|[of] p2a: Miraidon
|turn|2
|
|t:|1750835000
|move|p1a: Indeedee|Follow Me|p1a: Indeedee
|-singleturn|p1a: Indeedee|move: Follow Me
|move|p1b: Lunala|Moongeist Beam|p2b: Pelipper
|-enditem|p2b: Pelipper|Focus Sash
|-damage|p2b: Pelipper|1/100
|move|p2b: Pelipper|Weather Ball|p1a: Indeedee
|-damage|p1a: Indeedee|13/100
|move|p2a: Miraidon|Electro Drift|p1a: Indeedee
|-damage|p1a: Indeedee|0 fnt
|-damage|p2a: Miraidon|84/100|[from] item: Rocky Helmet|[of] p1a: Indeedee
|faint|p1a: Indeedee
|
|-weather|RainDance|[upkeep]
|upkeep
|
|t:|1750835010
|switch|p1a: Torkoal|Torkoal, L50, M, shiny|100/100
|-weather|SunnyDay|[from] ability: Drought|[of] p1a: Torkoal
|turn|3
|
|t:|1750835034
|move|p2b: Pelipper|Wide Guard|p2b: Pelipper
|-singleturn|p2b: Pelipper|Wide Guard
|move|p1a: Torkoal|Earth Power|p2a: Miraidon
|-supereffective|p2a: Miraidon
|-damage|p2a: Miraidon|38/100
|move|p1b: Lunala|Moongeist Beam|p2a: Miraidon
|-damage|p2a: Miraidon|0 fnt
|faint|p2a: Miraidon
|
|-weather|SunnyDay|[upkeep]
|upkeep
|
|t:|1750835045
|switch|p2a: Urshifu|Urshifu, L50, M|100/100
|turn|4
|-message|Blu94 forfeited.
|
|win|magicorolla
|raw|magicorolla's rating: 1424 &rarr; <strong>1445</strong><br />(+21 for winning)
|raw|Blu94's rating: 1447 &rarr; <strong>1426</strong><br />(-21 for losing)
|l|☆Blu94
|player|p2|
|l|☆magicorolla
|player|p1|
