|j|☆It'sJustKen VGC
|j|☆wudiace
|t:|1750818650
|gametype|doubles
|player|p1|It'sJustKen VGC|caitlin|1633
|player|p2|wudiace|2|1622
|teamsize|p1|6
|teamsize|p2|6
|gen|9
|tier|[Gen 9] VGC 2025 Reg I
|rated|
|rule|Species Clause: Limit one of each Pokémon
|rule|Item Clause: Limit 1 of each item
|clearpoke
|poke|p1|Incineroar, L50, F|
|poke|p1|Urshifu-*, L50, F|
|poke|p1|Amoonguss, L50, F|
|poke|p1|Calyrex-Shadow, L50|
|poke|p1|Tornadus, L50, M|
|poke|p1|Terapagos, L50, M|
|poke|p2|Koraidon, L50|
|poke|p2|Lunala, L50|
|poke|p2|Whimsicott, L50, F|
|poke|p2|Walking Wake, L50|
|poke|p2|Amoonguss, L50, M|
|poke|p2|Chi-Yu, L50|
|teampreview|4
|inactive|Battle timer is ON: inactive players will automatically lose when time's up. (requested by It'sJustKen VGC)
|
|t:|1750818677
|start
|switch|p1a: Chicken Jockey|Calyrex-Shadow, L50|100/100
|switch|p1b: TTE|Tornadus, L50, M|100/100
|switch|p2a: Lunala|Lunala, L50|100/100
|switch|p2b: Chi-Yu|Chi-Yu, L50|100/100
|-ability|p1a: Chicken Jockey|As One
|-ability|p1a: Chicken Jockey|Unnerve
|-ability|p2b: Chi-Yu|Beads of Ruin
|turn|1
|inactive|It'sJustKen VGC has 30 seconds left.
|inactive|It'sJustKen VGC has 20 seconds left.
|j| razorback2u21
|inactive|It'sJustKen VGC has 15 seconds left.
|l| razorback2u21
|inactive|It'sJustKen VGC has 10 seconds left.
|inactive|It'sJustKen VGC has 5 seconds left.
|
|t:|1750818732
|move|p1b: TTE|Protect|p1b: TTE
|-singleturn|p1b: TTE|Protect
|move|p1a: Chicken Jockey|Protect|p1a: Chicken Jockey
|-singleturn|p1a: Chicken Jockey|Protect
|move|p2a: Lunala|Wide Guard|p2a: Lunala
|-singleturn|p2a: Lunala|Wide Guard
|move|p2b: Chi-Yu|Heat Wave|p1b: TTE|[spread] 
|-activate|p1a: Chicken Jockey|move: Protect
|-activate|p1b: TTE|move: Protect
|
|upkeep
|turn|2
|
|t:|1750818755
|-terastallize|p1a: Chicken Jockey|Ghost
|move|p1b: TTE|Tailwind|p1b: TTE
|-sidestart|p1: It'sJustKen VGC|move: Tailwind
|move|p1a: Chicken Jockey|Shadow Ball|p2a: Lunala
|-supereffective|p2a: Lunala
|-crit|p2a: Lunala
|-damage|p2a: Lunala|0 fnt
|faint|p2a: Lunala
|-ability|p1a: Chicken Jockey|Grim Neigh|boost
|-boost|p1a: Chicken Jockey|spa|1
|-damage|p1a: Chicken Jockey|91/100|[from] item: Life Orb
|move|p2b: Chi-Yu|Heat Wave|p1a: Chicken Jockey|[spread] p1a,p1b
|-damage|p1a: Chicken Jockey|47/100
|-damage|p1b: TTE|30/100
|
|upkeep
|
|t:|1750818773
|switch|p2a: Koraidon|Koraidon, L50|100/100
|-weather|SunnyDay|[from] ability: Orichalcum Pulse|[of] p2a: Koraidon
|-activate|p2a: Koraidon|Orichalcum Pulse|[source]
|turn|3
|
|t:|1750818798
|move|p2a: Koraidon|Protect|p2a: Koraidon
|-singleturn|p2a: Koraidon|Protect
|move|p1b: TTE|Rain Dance|p1b: TTE
|-weather|RainDance
|move|p1a: Chicken Jockey|Astral Barrage|p2b: Chi-Yu|[spread] p2b
|-activate|p2a: Koraidon|move: Protect
|-resisted|p2b: Chi-Yu
|-damage|p2b: Chi-Yu|0 fnt
|faint|p2b: Chi-Yu
|-ability|p1a: Chicken Jockey|Grim Neigh|boost
|-boost|p1a: Chicken Jockey|spa|1
|-damage|p1a: Chicken Jockey|37/100|[from] item: Life Orb
|
|-weather|RainDance|[upkeep]
|upkeep
|-message|wudiace forfeited.
|
|win|It'sJustKen VGC
|raw|It&apos;sJustKen VGC's rating: 1633 &rarr; <strong>1652</strong><br />(+19 for winning)
|raw|wudiace's rating: 1622 &rarr; <strong>1603</strong><br />(-19 for losing)
|l|☆wudiace
|player|p2|
