|j|☆phoenix of rage
|j|☆Vitaaum1
|t:|1750761660
|gametype|doubles
|player|p1|phoenix of rage|birdkeeper-gen4dp|1408
|player|p2|Vitaaum1|170|1303
|teamsize|p1|6
|teamsize|p2|6
|gen|9
|tier|[Gen 9] VGC 2025 Reg I
|rated|
|rule|Species Clause: Limit one of each Pokémon
|rule|Item Clause: Limit 1 of each item
|clearpoke
|poke|p1|Pelipper, L50, F|
|poke|p1|Miraidon, L50|
|poke|p1|Archaludon, L50, M|
|poke|p1|Kyogre, L50|
|poke|p1|Basculegion, L50, M|
|poke|p1|Farigiraf, L50, M|
|poke|p2|Miraidon, L50|
|poke|p2|Zamazenta-*, L50|
|poke|p2|Iron Valiant, L50|
|poke|p2|Kingambit, L50, M|
|poke|p2|Iron Bundle, L50|
|poke|p2|Farigiraf, L50, F|
|teampreview|4
|inactive|Battle timer is ON: inactive players will automatically lose when time's up. (requested by phoenix of rage)
|inactive|Vitaaum1 has 60 seconds left.
phoenix of rage has agreed to open team sheets.
|
|t:|1750761711
|start
|switch|p1a: Kyogre|Kyogre, L50|100/100
|switch|p1b: Archaludon|Archaludon, L50, M|100/100
|switch|p2a: Miraidon|Miraidon, L50|100/100
|switch|p2b: Iron Bundle|Iron Bundle, L50|100/100
|-fieldstart|move: Electric Terrain|[from] ability: Hadron Engine|[of] p2a: Miraidon
|-activate|p2b: Iron Bundle|ability: Quark Drive
|-start|p2b: Iron Bundle|quarkdrivespe
|-weather|RainDance|[from] ability: Drizzle|[of] p1a: Kyogre
|turn|1
|inactive|phoenix of rage has 30 seconds left.
|inactive|Vitaaum1 has 30 seconds left.
|inactive|phoenix of rage has 20 seconds left.
|inactive|phoenix of rage has 15 seconds left.
|inactive|phoenix of rage has 10 seconds left.
|inactive|phoenix of rage has 5 seconds left.
|
|t:|1750761763
|-terastallize|p1a: Kyogre|Grass
|move|p2b: Iron Bundle|Freeze-Dry|p1a: Kyogre
|-supereffective|p1a: Kyogre
|-damage|p1a: Kyogre|66/100
|move|p1b: Archaludon|Draco Meteor|p2a: Miraidon
|-supereffective|p2a: Miraidon
|-damage|p2a: Miraidon|0 fnt
|-unboost|p1b: Archaludon|spa|2
|faint|p2a: Miraidon
|move|p1a: Kyogre|Water Spout|p2b: Iron Bundle
|-resisted|p2b: Iron Bundle
|-crit|p2b: Iron Bundle
|-enditem|p2b: Iron Bundle|Focus Sash
|-damage|p2b: Iron Bundle|1/100
|
|-weather|RainDance|[upkeep]
|upkeep
|
|t:|1750761780
|switch|p2a: Iron Valiant|Iron Valiant, L50|100/100
|-activate|p2a: Iron Valiant|ability: Quark Drive
|-start|p2a: Iron Valiant|quarkdrivespe
|turn|2
|c|☆Vitaaum1|Lol
|inactive|Vitaaum1 has 30 seconds left.
|
|t:|1750761812
|switch|p1b: Farigiraf|Farigiraf, L50, M|100/100
|-enditem|p1b: Farigiraf|Electric Seed
|-boost|p1b: Farigiraf|def|1|[from] item: Electric Seed
|move|p2b: Iron Bundle|Freeze-Dry|p1a: Kyogre
|-supereffective|p1a: Kyogre
|-damage|p1a: Kyogre|37/100
|move|p2a: Iron Valiant|Close Combat|p1b: Farigiraf
|-damage|p1b: Farigiraf|64/100
|-unboost|p2a: Iron Valiant|def|1
|-unboost|p2a: Iron Valiant|spd|1
|move|p1a: Kyogre|Origin Pulse|p2b: Iron Bundle|[spread] p2a,p2b
|-resisted|p2b: Iron Bundle
|-damage|p2a: Iron Valiant|0 fnt
|-damage|p2b: Iron Bundle|0 fnt
|faint|p2a: Iron Valiant
|-end|p2a: Iron Valiant|Quark Drive|[silent]
|faint|p2b: Iron Bundle
|-end|p2b: Iron Bundle|Quark Drive|[silent]
|
|-weather|RainDance|[upkeep]
|upkeep
|
|t:|1750761816
|switch|p2b: Akai|Kingambit, L50, M|100/100
|turn|3
|-message|Vitaaum1 forfeited.
|
|win|phoenix of rage
|raw|phoenix of rage's rating: 1408 &rarr; <strong>1422</strong><br />(+14 for winning)
|raw|Vitaaum1's rating: 1303 &rarr; <strong>1289</strong><br />(-14 for losing)
