|j|☆Rypassed You
|j|☆It'sJustKen VGC
|t:|1750809811
|gametype|doubles
|player|p1|Rypassed You|drayton|1572
|player|p2|It'sJustKen VGC|caitlin|1657
|teamsize|p1|6
|teamsize|p2|6
|gen|9
|tier|[Gen 9] VGC 2025 Reg I
|rated|
|rule|Species Clause: Limit one of each Pokémon
|rule|Item Clause: Limit 1 of each item
|clearpoke
|poke|p1|Kyogre, L50|
|poke|p1|Miraidon, L50|
|poke|p1|Tornadus, L50, M|
|poke|p1|Iron Hands, L50|
|poke|p1|Farigiraf, L50, F|
|poke|p1|Urshifu-*, L50, M|
|poke|p2|Incineroar, L50, F|
|poke|p2|Urshifu-*, L50, F|
|poke|p2|Amoonguss, L50, F|
|poke|p2|Calyrex-Shadow, L50|
|poke|p2|Tornadus, L50, M|
|poke|p2|Terapagos, L50, M|
|teampreview|4
|inactive|Battle timer is ON: inactive players will automatically lose when time's up. (requested by It'sJustKen VGC)
|inactive|Rypassed You also wants the timer to be on.
|
|t:|1750809825
|start
|switch|p1a: トルネロス|Tornadus, L50, M|100/100
|switch|p1b: Natalia|Miraidon, L50|100/100
|switch|p2a: Tera Cell|Terapagos, L50, M|100/100
|switch|p2b: TTE|Tornadus, L50, M|100/100
|-activate|p2a: Tera Cell|ability: Tera Shift
|detailschange|p2a: Tera Cell|Terapagos-Terastal, L50, M
|-heal|p2a: Tera Cell|100/100|[silent]
|-fieldstart|move: Electric Terrain|[from] ability: Hadron Engine|[of] p1b: Natalia
|turn|1
|inactive|Rypassed You has 30 seconds left.
|
|t:|1750809853
|-terastallize|p2a: Tera Cell|Stellar
|detailschange|p2a: Tera Cell|Terapagos-Stellar, L50, M, tera:Stellar
|-heal|p2a: Tera Cell|100/100|[silent]
|-ability|p2a: Tera Cell|Teraform Zero
|-fieldend|move: Electric Terrain
|move|p1a: トルネロス|Taunt|p2b: TTE
|-start|p2b: TTE|move: Taunt
|move|p1b: Natalia|Volt Switch|p2a: Tera Cell
|-damage|p2a: Tera Cell|61/100
|
|t:|1750809864
|switch|p1b: Dhruva|Kyogre, L50|100/100|[from] Volt Switch
|-weather|RainDance|[from] ability: Drizzle|[of] p1b: Dhruva
|move|p2b: TTE|Bleakwind Storm|p1b: Dhruva|[spread] p1a,p1b
|-damage|p1a: トルネロス|46/100
|-damage|p1b: Dhruva|72/100
|-unboost|p1a: トルネロス|spe|1
|move|p2a: Tera Cell|Tera Starstorm|p1b: Dhruva|[spread] p1a,p1b
|-damage|p1a: トルネロス|0 fnt
|-damage|p1b: Dhruva|26/100
|faint|p1a: トルネロス
|
|-weather|RainDance|[upkeep]
|upkeep
|
|t:|1750809872
|switch|p1a: Natalia|Miraidon, L50|100/100
|-fieldstart|move: Electric Terrain|[from] ability: Hadron Engine|[of] p1a: Natalia
|turn|2
|inactive|Rypassed You has 30 seconds left.
|
|t:|1750809897
|move|p1a: Natalia|Electro Drift|p2b: TTE
|-supereffective|p2b: TTE
|-enditem|p2b: TTE|Focus Sash
|-damage|p2b: TTE|1/100
|move|p2b: TTE|Bleakwind Storm|p1a: Natalia|[spread] p1a,p1b
|-resisted|p1a: Natalia
|-damage|p1a: Natalia|82/100
|-damage|p1b: Dhruva|0 fnt
|-unboost|p1a: Natalia|spe|1
|faint|p1b: Dhruva
|move|p2a: Tera Cell|Tera Starstorm|p1a: Natalia
|-damage|p1a: Natalia|15/100
|
|-weather|RainDance|[upkeep]
|upkeep
|-message|Rypassed You forfeited.
|
|win|It'sJustKen VGC
|raw|Rypassed You's rating: 1572 &rarr; <strong>1557</strong><br />(-15 for losing)
|raw|It&apos;sJustKen VGC's rating: 1657 &rarr; <strong>1672</strong><br />(+15 for winning)
|l|☆Rypassed You
|player|p1|
