|j|☆93w
|j|☆azzazzl
|t:|1750748238
|gametype|doubles
|player|p1|93w|lacey|1500
|player|p2|azzazzl|dawn|1528
|teamsize|p1|6
|teamsize|p2|6
|gen|9
|tier|[Gen 9] VGC 2025 Reg I
|rated|
|rule|Species Clause: Limit one of each Pokémon
|rule|Item Clause: Limit 1 of each item
|clearpoke
|poke|p1|Miraidon, L50|
|poke|p1|Calyrex-Ice, L50|
|poke|p1|Farigiraf, L50, M|
|poke|p1|Volcarona, L50, M|
|poke|p1|Urshifu-*, L50, M|
|poke|p1|Landorus, L50, M|
|poke|p2|Calyrex-Ice, L50|
|poke|p2|Lunala, L50|
|poke|p2|Urshifu-*, L50, F|
|poke|p2|Indeedee-F, L50, F|
|poke|p2|Torkoal, L50, M|
|poke|p2|Ursaluna, L50, F|
|teampreview|4
|
|t:|1750748270
|start
|switch|p1a: Miraidon|Miraidon, L50|100/100
|switch|p1b: Calyrex|Calyrex-Ice, L50|100/100
|switch|p2a: Calyrex|Calyrex-Ice, L50|100/100
|switch|p2b: Indeedee|Indeedee-F, L50, F|100/100
|-ability|p2a: Calyrex|As One
|-ability|p2a: Calyrex|Unnerve
|-ability|p1b: Calyrex|As One
|-ability|p1b: Calyrex|Unnerve
|-fieldstart|move: Electric Terrain|[from] ability: Hadron Engine|[of] p1a: Miraidon
|-fieldstart|move: Psychic Terrain|[from] ability: Psychic Surge|[of] p2b: Indeedee
|turn|1
|
|t:|1750748309
|move|p2b: Indeedee|Follow Me|p2b: Indeedee
|-singleturn|p2b: Indeedee|move: Follow Me
|move|p1a: Miraidon|Volt Switch|p2b: Indeedee
|-damage|p2b: Indeedee|49/100
|
|t:|1750748324
|switch|p1a: Volcarona|Volcarona, L50, M|100/100|[from] Volt Switch
|move|p1b: Calyrex|Glacial Lance|p2a: Calyrex|[spread] p2a,p2b
|-resisted|p2a: Calyrex
|-damage|p2a: Calyrex|83/100
|-damage|p2b: Indeedee|0 fnt
|faint|p2b: Indeedee
|-ability|p1b: Calyrex|Chilling Neigh|boost
|-boost|p1b: Calyrex|atk|1
|move|p2a: Calyrex|Trick Room|p2a: Calyrex
|-fieldstart|move: Trick Room|[of] p2a: Calyrex
|
|upkeep
|
|t:|1750748335
|switch|p2b: Torkoal|Torkoal, L50, M|100/100
|-weather|SunnyDay|[from] ability: Drought|[of] p2b: Torkoal
|turn|2
|
|t:|1750748348
|-terastallize|p1b: Calyrex|Water
|move|p1a: Volcarona|Protect|p1a: Volcarona
|-singleturn|p1a: Volcarona|Protect
|move|p2b: Torkoal|Eruption|p1a: Volcarona|[spread] p1b
|-activate|p1a: Volcarona|move: Protect
|-resisted|p1b: Calyrex
|-damage|p1b: Calyrex|68/100
|move|p2a: Calyrex|Imprison|p2a: Calyrex
|-start|p2a: Calyrex|move: Imprison
|cant|p1b: Calyrex|move: Imprison|Trick Room
|
|-weather|SunnyDay|[upkeep]
|upkeep
|turn|3
|
|t:|1750748379
|switch|p1b: Farigiraf|Farigiraf, L50, M|100/100
|move|p2b: Torkoal|Eruption|p1b: Farigiraf|[spread] p1a,p1b
|-crit|p1a: Volcarona
|-damage|p1a: Volcarona|0 fnt
|-damage|p1b: Farigiraf|18/100
|faint|p1a: Volcarona
|move|p2a: Calyrex|Glacial Lance|p1b: Farigiraf
|-damage|p1b: Farigiraf|0 fnt
|faint|p1b: Farigiraf
|-ability|p2a: Calyrex|Chilling Neigh|boost
|-boost|p2a: Calyrex|atk|1
|
|-weather|SunnyDay|[upkeep]
|upkeep
|-message|93w forfeited.
|
|win|azzazzl
|raw|93w's rating: 1500 &rarr; <strong>1482</strong><br />(-18 for losing)
|raw|azzazzl's rating: 1528 &rarr; <strong>1546</strong><br />(+18 for winning)
|l|☆93w
|player|p1|
|l|☆azzazzl
|player|p2|
