|j|☆CMPLXMATVCTEQNXXIX
|j|☆COCCHI91
|t:|1750836421
|gametype|doubles
|player|p1|CMPLXMATVCTEQNXXIX|102|1133
|player|p2|COCCHI91|hilbert|1101
|teamsize|p1|6
|teamsize|p2|6
|gen|9
|tier|[Gen 9] VGC 2025 Reg I
|rated|
|rule|Species Clause: Limit one of each Pokémon
|rule|Item Clause: Limit 1 of each item
|clearpoke
|poke|p1|Calyrex-Ice, L50|
|poke|p1|Lycanroc-Midnight, L50, M|
|poke|p1|Urshifu-*, L50, M|
|poke|p1|Flutter Mane, L50|
|poke|p1|Incineroar, L50, M|
|poke|p1|Rillaboom, L50, M|
|poke|p2|Maushold-Four, L50|
|poke|p2|Annihilape, L50, M|
|poke|p2|Sinistcha-Masterpiece, L50|
|poke|p2|Zacian-*, L50|
|poke|p2|Ogerpon-Hearthflame, L50, F|
|poke|p2|Zamazenta-*, L50|
|teampreview|4
|inactive|Battle timer is ON: inactive players will automatically lose when time's up. (requested by COCCHI91)
COCCHI91 has agreed to open team sheets.
CMPLXMATVCTEQNXXIX has agreed to open team sheets.
|showteam|p1|Calyrex-Ice||ClearAmulet|AsOneGlastrier|GlacialLance,HighHorsepower,TrickRoom,Protect||||||50|,,,,,Water]Lycanroc-Midnight||FocusSash|NoGuard|Counter,RockSlide,Roar,Protect|||M|||50|,,,,,Ghost]Urshifu-Rapid-Strike||MysticWater|UnseenFist|SurgingStrikes,CloseCombat,AquaJet,Protect|||M|||50|,,,,,Water]Flutter Mane||BoosterEnergy|Protosynthesis|Moonblast,ShadowBall,IcyWind,Protect||||||50|,,,,,Fairy]Incineroar||SafetyGoggles|Intimidate|FakeOut,FlareBlitz,PartingShot,Taunt|||M|||50|,,,,,Grass]Rillaboom||AssaultVest|GrassySurge|GrassyGlide,WoodHammer,Uturn,HighHorsepower|||M|||50|,,,,,Fire
|showteam|p2|Maushold-Four||FocusSash|FriendGuard|FollowMe,ShadowClaw,HelpingHand,Encore||||||50|,,,,,Ghost]Annihilape||Leftovers|Defiant|DrainPunch,RageFist,BulkUp,Protect|||M|||50|,,,,,Water]Sinistcha-Masterpiece||ClearAmulet|Hospitality|MatchaGotcha,TrickRoom,LifeDew,Protect||||||50|,,,,,Water]Zacian-Crowned||RustedSword|IntrepidSword|behemothblade,SwordsDance,PlayRough,Protect||||||50|,,,,,Fire]Ogerpon-Hearthflame||HearthflameMask|MoldBreaker|IvyCudgel,FollowMe,HornLeech,SpikyShield|||F|||50|,,,,,Fire]Zamazenta-Crowned||RustedShield|DauntlessShield|HeavySlam,Coaching,BodyPress,WideGuard||||||50|,,,,,Dark
|inactive|CMPLXMATVCTEQNXXIX has 60 seconds left.
|
|t:|1750836480
|start
|switch|p1a: Flutter Mane|Flutter Mane, L50|100/100
|switch|p1b: Incineroar|Incineroar, L50, M|100/100
|switch|p2a: Annihilape|Annihilape, L50, M|100/100
|switch|p2b: Zamazenta|Zamazenta-Crowned, L50|100/100
|-ability|p2b: Zamazenta|Dauntless Shield|boost
|-boost|p2b: Zamazenta|def|1
|-ability|p1b: Incineroar|Intimidate|boost
|-unboost|p2a: Annihilape|atk|1
|-ability|p2a: Annihilape|Defiant|boost
|-boost|p2a: Annihilape|atk|2
|-unboost|p2b: Zamazenta|atk|1
|-enditem|p1a: Flutter Mane|Booster Energy
|-activate|p1a: Flutter Mane|ability: Protosynthesis|[fromitem]
|-start|p1a: Flutter Mane|protosynthesisspe
|turn|1
|inactive|CMPLXMATVCTEQNXXIX has 30 seconds left.
|inactive|COCCHI91 has 30 seconds left.
|inactive|COCCHI91 has 20 seconds left.
|inactive|COCCHI91 has 15 seconds left.
|inactive|COCCHI91 has 10 seconds left.
|inactive|COCCHI91 has 5 seconds left.
|
|t:|1750836535
|move|p1a: Flutter Mane|Shadow Ball|p2a: Annihilape
|-supereffective|p2a: Annihilape
|-damage|p2a: Annihilape|42/100
|-unboost|p2a: Annihilape|spd|1
|-ability|p2a: Annihilape|Defiant|boost
|-boost|p2a: Annihilape|atk|2
|move|p2b: Zamazenta|Heavy Slam|p1a: Flutter Mane
|-supereffective|p1a: Flutter Mane
|-damage|p1a: Flutter Mane|0 fnt
|faint|p1a: Flutter Mane
|-end|p1a: Flutter Mane|Protosynthesis|[silent]
|move|p2a: Annihilape|Drain Punch|p1b: Incineroar
|-supereffective|p1b: Incineroar
|-damage|p1b: Incineroar|0 fnt
|-heal|p2a: Annihilape|89/100|[from] drain|[of] p1b: Incineroar
|faint|p1b: Incineroar
|
|-heal|p2a: Annihilape|95/100|[from] item: Leftovers
|upkeep
|
|t:|1750836556
|switch|p1a: Rillaboom|Rillaboom, L50, M|100/100
|switch|p1b: Calyrex|Calyrex-Ice, L50|100/100
|-ability|p1b: Calyrex|As One
|-ability|p1b: Calyrex|Unnerve
|-fieldstart|move: Grassy Terrain|[from] ability: Grassy Surge|[of] p1a: Rillaboom
|turn|2
|inactive|CMPLXMATVCTEQNXXIX has 30 seconds left.
|
|t:|1750836586
|move|p2b: Zamazenta|Wide Guard|p2b: Zamazenta
|-singleturn|p2b: Zamazenta|Wide Guard
|move|p2a: Annihilape|Drain Punch|p1b: Calyrex
|-damage|p1b: Calyrex|57/100
|-heal|p2a: Annihilape|100/100|[from] drain|[of] p1b: Calyrex
|move|p1a: Rillaboom|High Horsepower|p2b: Zamazenta
|-supereffective|p2b: Zamazenta
|-damage|p2b: Zamazenta|70/100
|move|p1b: Calyrex|High Horsepower|p2b: Zamazenta|[miss]
|-miss|p1b: Calyrex|p2b: Zamazenta
|
|-heal|p2b: Zamazenta|76/100|[from] Grassy Terrain
|-heal|p1b: Calyrex|63/100|[from] Grassy Terrain
|upkeep
|turn|3
|l|☆CMPLXMATVCTEQNXXIX
|inactive|CMPLXMATVCTEQNXXIX disconnected and has a minute to reconnect!
|player|p1|
|inactive|CMPLXMATVCTEQNXXIX has 30 seconds left.
|inactive|COCCHI91 has 30 seconds left.
|inactive|CMPLXMATVCTEQNXXIX has 20 seconds left.
|inactive|COCCHI91 has 20 seconds left.
|inactive|CMPLXMATVCTEQNXXIX has 15 seconds left.
|inactive|COCCHI91 has 15 seconds left.
|inactive|CMPLXMATVCTEQNXXIX has 10 seconds left.
|inactive|COCCHI91 has 10 seconds left.
|inactive|CMPLXMATVCTEQNXXIX has 5 seconds left.
|-message|CMPLXMATVCTEQNXXIX lost due to inactivity.
|
|win|COCCHI91
|raw|CMPLXMATVCTEQNXXIX's rating: 1133 &rarr; <strong>1106</strong><br />(-27 for losing)
|raw|COCCHI91's rating: 1101 &rarr; <strong>1128</strong><br />(+27 for winning)
|l|☆COCCHI91
|player|p2|
