|j|☆SeanDeMol
|j|☆JordiUnderscore
|t:|1750831535
|gametype|doubles
|player|p1|SeanDeMol|steven|1400
|player|p2|JordiUnderscore|dawn|1324
|teamsize|p1|6
|teamsize|p2|6
|gen|9
|tier|[Gen 9] VGC 2025 Reg I
|rated|
|rule|Species Clause: Limit one of each Pokémon
|rule|Item Clause: Limit 1 of each item
|clearpoke
|poke|p1|Incineroar, L50, F|
|poke|p1|Urshifu-*, L50, F|
|poke|p1|Miraidon, L50|
|poke|p1|Calyrex-Ice, L50|
|poke|p1|Landorus, L50, M|
|poke|p1|Farigiraf, L50, F|
|poke|p2|Urshifu-*, L50, F|
|poke|p2|Landorus, L50, M|
|poke|p2|Kyogre, L50|
|poke|p2|Miraidon, L50|
|poke|p2|Hitmontop, L50, M|
|poke|p2|Clefairy, L50, M|
|teampreview|4
|inactive|Battle timer is ON: inactive players will automatically lose when time's up. (requested by SeanDeMol)
|inactive|JordiUnderscore also wants the timer to be on.
SeanDeMol has agreed to open team sheets.
|inactive|SeanDeMol has 60 seconds left.
|
|t:|1750831583
|start
|switch|p1a: Miraidon|Miraidon, L50|100/100
|switch|p1b: Calyrex|Calyrex-Ice, L50|100/100
|switch|p2a: Hitmontop|Hitmontop, L50, M|100/100
|switch|p2b: Miraidon|Miraidon, L50|100/100
|-ability|p1b: Calyrex|As One
|-ability|p1b: Calyrex|Unnerve
|-fieldstart|move: Electric Terrain|[from] ability: Hadron Engine|[of] p1a: Miraidon
|-activate|p2b: Miraidon|ability: Hadron Engine
|-ability|p2a: Hitmontop|Intimidate|boost
|-unboost|p1a: Miraidon|atk|1
|-unboost|p1b: Calyrex|atk|1
|turn|1
|
|t:|1750831606
|switch|p1a: Farigiraf|Farigiraf, L50, F|100/100
|-enditem|p1a: Farigiraf|Electric Seed
|-boost|p1a: Farigiraf|def|1|[from] item: Electric Seed
|-terastallize|p2b: Miraidon|Fairy
|move|p2a: Hitmontop|Wide Guard|p2a: Hitmontop
|-singleturn|p2a: Hitmontop|Wide Guard
|move|p2b: Miraidon|Dazzling Gleam|p1a: Farigiraf|[spread] p1a,p1b
|-damage|p1a: Farigiraf|37/100
|-damage|p1b: Calyrex|55/100
|move|p1b: Calyrex|Glacial Lance|p2b: Miraidon|[spread] 
|-activate|p2a: Hitmontop|move: Wide Guard
|-activate|p2b: Miraidon|move: Wide Guard
|
|-heal|p1b: Calyrex|61/100|[from] item: Leftovers
|upkeep
|turn|2
|
|t:|1750831628
|move|p2b: Miraidon|Dazzling Gleam|p1a: Farigiraf|[spread] p1a,p1b
|-damage|p1a: Farigiraf|0 fnt
|-damage|p1b: Calyrex|20/100
|faint|p1a: Farigiraf
|move|p2a: Hitmontop|Close Combat|p1b: Calyrex
|-damage|p1b: Calyrex|0 fnt
|-unboost|p2a: Hitmontop|def|1
|-unboost|p2a: Hitmontop|spd|1
|faint|p1b: Calyrex
|
|upkeep
|-message|SeanDeMol forfeited.
|
|win|JordiUnderscore
|raw|SeanDeMol's rating: 1400 &rarr; <strong>1376</strong><br />(-24 for losing)
|raw|JordiUnderscore's rating: 1324 &rarr; <strong>1348</strong><br />(+24 for winning)
|l|☆SeanDeMol
|player|p1|
|l|☆JordiUnderscore
|player|p2|
