|j|☆russest000.1
|j|☆pezelly_313
|t:|1750874809
|gametype|doubles
|player|p1|russest000.1|170|1160
|player|p2|pezelly_313|101|1137
|teamsize|p1|6
|teamsize|p2|6
|gen|9
|tier|[Gen 9] VGC 2025 Reg I
|rated|
|rule|Species Clause: Limit one of each Pokémon
|rule|Item Clause: Limit 1 of each item
|clearpoke
|poke|p1|Lunala, L50|
|poke|p1|Miraidon, L50|
|poke|p1|Incineroar, L50, M|
|poke|p1|Urshifu-*, L50, M|
|poke|p1|Whimsicott, L50, F|
|poke|p1|Ogerpon-Cornerstone, L50, F|
|poke|p2|Zamazenta-*, L50|
|poke|p2|Archaludon, L50, M|
|poke|p2|Weezing-Galar, L50, F|
|poke|p2|Kyogre, L50|
|poke|p2|Toedscruel, L50, M|
|poke|p2|Slaking, L50, M|
|teampreview|4
|
|t:|1750874844
|start
|switch|p1a: Ogerpon|Ogerpon-Cornerstone, L50, F|100/100
|switch|p1b: Urshifu|Urshifu-Rapid-Strike, L50, M|100/100
|switch|p2a: Weezing|Weezing-Galar, L50, F|100/100
|switch|p2b: Slaking|Slaking, L50, M|100/100
|-ability|p2a: Weezing|Neutralizing Gas
|turn|1
|inactive|Battle timer is ON: inactive players will automatically lose when time's up. (requested by russest000.1)
|inactive|russest000.1 has 60 seconds left.
|inactive|pezelly_313 has 60 seconds left.
|
|t:|1750874891
|-terastallize|p2b: Slaking|Ghost
|move|p2a: Weezing|Protect|p2a: Weezing
|-singleturn|p2a: Weezing|Protect
|move|p1b: Urshifu|Surging Strikes|p2a: Weezing
|-activate|p2a: Weezing|move: Protect
|move|p1a: Ogerpon|Ivy Cudgel|p2a: Weezing|[anim] Ivy Cudgel Rock
|-activate|p2a: Weezing|move: Protect
|move|p2b: Slaking|Double-Edge|p1b: Urshifu
|-damage|p1b: Urshifu|14/100
|-damage|p2b: Slaking|81/100|[from] Recoil
|
|-heal|p2b: Slaking|87/100|[from] item: Leftovers
|upkeep
|turn|2
|inactive|russest000.1 has 30 seconds left.
|
|t:|1750874919
|move|p1b: Urshifu|Surging Strikes|p2a: Weezing
|-crit|p2a: Weezing
|-damage|p2a: Weezing|83/100
|-crit|p2a: Weezing
|-damage|p2a: Weezing|67/100
|-crit|p2a: Weezing
|-damage|p2a: Weezing|50/100
|-enditem|p2a: Weezing|Sitrus Berry|[eat]
|-heal|p2a: Weezing|75/100|[from] item: Sitrus Berry
|-hitcount|p2a: Weezing|3
|move|p1a: Ogerpon|Ivy Cudgel|p2a: Weezing|[anim] Ivy Cudgel Rock
|-damage|p2a: Weezing|31/100
|move|p2b: Slaking|Drain Punch|p1b: Urshifu
|-damage|p1b: Urshifu|0 fnt
|-heal|p2b: Slaking|92/100|[from] drain|[of] p1b: Urshifu
|faint|p1b: Urshifu
|move|p2a: Weezing|Strange Steam|p1a: Ogerpon
|-damage|p1a: Ogerpon|68/100
|
|-heal|p2b: Slaking|98/100|[from] item: Leftovers
|upkeep
|
|t:|1750874939
|switch|p1b: Lunala|Lunala, L50|100/100
|turn|3
|
|t:|1750874950
|move|p2a: Weezing|Protect|p2a: Weezing
|-singleturn|p2a: Weezing|Protect
|move|p1a: Ogerpon|Ivy Cudgel|p2a: Weezing|[anim] Ivy Cudgel Rock
|-activate|p2a: Weezing|move: Protect
|move|p2b: Slaking|Knock Off|p1b: Lunala
|-supereffective|p1b: Lunala
|-damage|p1b: Lunala|0 fnt
|-enditem|p1b: Lunala|Leftovers|[from] move: Knock Off|[of] p2b: Slaking
|faint|p1b: Lunala
|
|-heal|p2b: Slaking|100/100|[from] item: Leftovers
|upkeep
|-message|russest000.1 forfeited.
|
|win|pezelly_313
|raw|russest000.1's rating: 1160 &rarr; <strong>1133</strong><br />(-27 for losing)
|raw|pezelly_313's rating: 1137 &rarr; <strong>1164</strong><br />(+27 for winning)
|l|☆russest000.1
|player|p1|
|l|☆pezelly_313
|player|p2|
