|j|☆RaidenVGC7
|j|☆BraneFX
|t:|1750771627
|gametype|doubles
|player|p1|RaidenVGC7|1|1615
|player|p2|BraneFX|blackbelt-gen4dp|1524
|teamsize|p1|6
|teamsize|p2|6
|gen|9
|tier|[Gen 9] VGC 2025 Reg I
|rated|
|rule|Species Clause: Limit one of each Pokémon
|rule|Item Clause: Limit 1 of each item
|clearpoke
|poke|p1|Calyrex-Ice, L50|
|poke|p1|Miraidon, L50|
|poke|p1|Drowzee, L50, M|
|poke|p1|Iron Hands, L50|
|poke|p1|Urshifu-*, L50, F|
|poke|p1|Incineroar, L50, M|
|poke|p2|Koraidon, L50|
|poke|p2|Calyrex-Shadow, L50|
|poke|p2|Flutter Mane, L50|
|poke|p2|Walking Wake, L50|
|poke|p2|Weezing-Galar, L50, M|
|poke|p2|Brute Bonnet, L50|
|teampreview|4
|inactive|Battle timer is ON: inactive players will automatically lose when time's up. (requested by BraneFX)
|inactive|BraneFX has 60 seconds left.
RaidenVGC7 rejected open team sheets.
|
|t:|1750771665
|start
|switch|p1a: Calyrex|Calyrex-Ice, L50|100/100
|switch|p1b: Drowzee|Drowzee, L50, M|100/100
|switch|p2a: Koraidon|Koraidon, L50|100/100
|switch|p2b: Weezing|Weezing-Galar, L50, M|100/100
|-ability|p2b: Weezing|Neutralizing Gas
|-block|p2a: Koraidon|item: Ability Shield
|-ability|p1a: Calyrex|As One
|-ability|p1a: Calyrex|Unnerve
|-weather|SunnyDay|[from] ability: Orichalcum Pulse|[of] p2a: Koraidon
|-activate|p2a: Koraidon|Orichalcum Pulse|[source]
|turn|1
|inactive|RaidenVGC7 has 30 seconds left.
|inactive|RaidenVGC7 has 20 seconds left.
|inactive|RaidenVGC7 has 15 seconds left.
|
|t:|1750771705
|-terastallize|p2a: Koraidon|Fire
|move|p1a: Calyrex|Protect|p1a: Calyrex
|-singleturn|p1a: Calyrex|Protect
|move|p2a: Koraidon|Flare Blitz|p1b: Drowzee
|-damage|p1b: Drowzee|0 fnt
|faint|p1b: Drowzee
|-damage|p2a: Koraidon|69/100|[from] Recoil
|move|p2b: Weezing|Taunt|p1a: Calyrex
|-activate|p1a: Calyrex|move: Protect
|
|-weather|SunnyDay|[upkeep]
|upkeep
|
|t:|1750771722
|switch|p1b: Iron Hands|Iron Hands, L50|100/100
|turn|2
|
|t:|1750771728
|-terastallize|p1a: Calyrex|Dragon
|move|p1b: Iron Hands|Fake Out|p2b: Weezing
|-damage|p2b: Weezing|88/100
|move|p2a: Koraidon|Collision Course|p1b: Iron Hands
|-damage|p1b: Iron Hands|52/100
|move|p2b: Weezing|Taunt|p1a: Calyrex
|-start|p1a: Calyrex|move: Taunt
|cant|p1a: Calyrex|move: Taunt|Trick Room
|
|-weather|SunnyDay|[upkeep]
|upkeep
|turn|3
|-message|RaidenVGC7 forfeited.
|
|win|BraneFX
|raw|RaidenVGC7's rating: 1615 &rarr; <strong>1590</strong><br />(-25 for losing)
|raw|BraneFX's rating: 1524 &rarr; <strong>1549</strong><br />(+25 for winning)
|l|☆RaidenVGC7
|player|p1|
|l|☆BraneFX
|player|p2|
