|j|☆plsdontspeaktome
|j|☆GG=Groudon Gaming
|t:|1750835981
|gametype|doubles
|player|p1|plsdontspeaktome|265|1178
|player|p2|GG=Groudon Gaming|acerola-masters2|1176
|teamsize|p1|6
|teamsize|p2|6
|gen|9
|tier|[Gen 9] VGC 2025 Reg I
|rated|
|rule|Species Clause: Limit one of each Pokémon
|rule|Item Clause: Limit 1 of each item
|clearpoke
|poke|p1|Calyrex-Shadow, L50|
|poke|p1|Whimsicott, L50, F|
|poke|p1|Rillaboom, L50, F|
|poke|p1|Sneasler, L50, F|
|poke|p1|Urshifu-*, L50, M|
|poke|p1|Zacian-*, L50|
|poke|p2|Groudon, L50|
|poke|p2|Miraidon, L50|
|poke|p2|Entei, L50|
|poke|p2|Whimsicott, L50, M|
|poke|p2|Flutter Mane, L50|
|poke|p2|Volcarona, L50, F|
|teampreview|4
|inactive|Battle timer is ON: inactive players will automatically lose when time's up. (requested by GG=Groudon Gaming)
|
|t:|1750836001
|start
|switch|p1a: Zacian|Zacian-Crowned, L50|100/100
|switch|p1b: Whimsicott|Whimsicott, L50, F|100/100
|switch|p2a: Groudon|Groudon, L50|100/100
|switch|p2b: Entei|Entei, L50|100/100
|-ability|p1a: Zacian|Intrepid Sword|boost
|-boost|p1a: Zacian|atk|1
|-weather|SunnyDay|[from] ability: Drought|[of] p2a: Groudon
|turn|1
|
|t:|1750836017
|-terastallize|p2a: Groudon|Fire
|move|p1b: Whimsicott|Helping Hand|p1a: Zacian
|-singleturn|p1a: Zacian|Helping Hand|[of] p1b: Whimsicott
|move|p2b: Entei|Eruption|p1b: Whimsicott|[spread] p1a,p1b
|-supereffective|p1a: Zacian
|-supereffective|p1b: Whimsicott
|-damage|p1a: Zacian|0 fnt
|-enditem|p1b: Whimsicott|Focus Sash
|-damage|p1b: Whimsicott|1/100
|faint|p1a: Zacian
|move|p2a: Groudon|Precipice Blades|p1b: Whimsicott|[miss]
|-miss|p2a: Groudon|p1b: Whimsicott
|
|-weather|SunnyDay|[upkeep]
|upkeep
|
|t:|1750836034
|switch|p1a: Calyrex|Calyrex-Shadow, L50|100/100
|-ability|p1a: Calyrex|As One
|-ability|p1a: Calyrex|Unnerve
|turn|2
|
|t:|1750836049
|move|p1b: Whimsicott|Helping Hand|p1a: Calyrex
|-singleturn|p1a: Calyrex|Helping Hand|[of] p1b: Whimsicott
|move|p2b: Entei|Eruption|p1b: Whimsicott|[spread] p1a,p1b
|-supereffective|p1b: Whimsicott
|-damage|p1a: Calyrex|24/100
|-damage|p1b: Whimsicott|0 fnt
|faint|p1b: Whimsicott
|move|p1a: Calyrex|Astral Barrage|p2b: Entei|[spread] p2a,p2b
|-damage|p2a: Groudon|0 fnt
|-damage|p2b: Entei|0 fnt
|faint|p2a: Groudon
|faint|p2b: Entei
|-ability|p1a: Calyrex|Grim Neigh|boost
|-boost|p1a: Calyrex|spa|2
|
|-weather|SunnyDay|[upkeep]
|upkeep
|
|t:|1750836056
|switch|p1b: Rillaboom|Rillaboom, L50, F|100/100
|switch|p2b: Whimsicott|Whimsicott, L50, M|100/100
|switch|p2a: Miraidon|Miraidon, L50|100/100
|-fieldstart|move: Electric Terrain|[from] ability: Hadron Engine|[of] p2a: Miraidon
|-fieldstart|move: Grassy Terrain|[from] ability: Grassy Surge|[of] p1b: Rillaboom
|turn|3
|-message|plsdontspeaktome forfeited.
|
|win|GG=Groudon Gaming
|raw|plsdontspeaktome's rating: 1178 &rarr; <strong>1153</strong><br />(-25 for losing)
|raw|GG=Groudon Gaming's rating: 1176 &rarr; <strong>1201</strong><br />(+25 for winning)
|l|☆plsdontspeaktome
|player|p1|
