|j|☆zhz2021
|j|☆93w
|t:|1750740570
|gametype|doubles
|player|p1|zhz2021|marley|1543
|player|p2|93w|lacey|1532
|teamsize|p1|6
|teamsize|p2|6
|gen|9
|tier|[Gen 9] VGC 2025 Reg I
|rated|
|rule|Species Clause: Limit one of each Pokémon
|rule|Item Clause: Limit 1 of each item
|clearpoke
|poke|p1|Murkrow, L50, M|
|poke|p1|Scream Tail, L50|
|poke|p1|Miraidon, L50|
|poke|p1|Annihilape, L50, F|
|poke|p1|Calyrex-Ice, L50|
|poke|p1|Araquanid, L50, F|
|poke|p2|Miraidon, L50|
|poke|p2|Calyrex-Ice, L50|
|poke|p2|Farigiraf, L50, M|
|poke|p2|Volcarona, L50, M|
|poke|p2|Urshifu-*, L50, F|
|poke|p2|Landorus, L50, M|
|teampreview|4
|
|t:|1750740599
|start
|switch|p1a: Annihilape|Annihilape, L50, F|100/100
|switch|p1b: Scream Tail|Scream Tail, L50|100/100
|switch|p2a: Miraidon|Miraidon, L50|100/100
|switch|p2b: Volcarona|Volcarona, L50, M|100/100
|-fieldstart|move: Electric Terrain|[from] ability: Hadron Engine|[of] p2a: Miraidon
|-enditem|p1b: Scream Tail|Booster Energy
|-activate|p1b: Scream Tail|ability: Protosynthesis|[fromitem]
|-start|p1b: Scream Tail|protosynthesisspe
|turn|1
|
|t:|1750740641
|move|p1b: Scream Tail|Protect|p1b: Scream Tail
|-singleturn|p1b: Scream Tail|Protect
|move|p2b: Volcarona|Rage Powder|p2b: Volcarona
|-singleturn|p2b: Volcarona|move: Rage Powder
|move|p1a: Annihilape|Final Gambit|p2b: Volcarona
|-damage|p2b: Volcarona|0 fnt
|faint|p1a: Annihilape
|faint|p2b: Volcarona
|move|p2a: Miraidon|Volt Switch|p1b: Scream Tail
|-activate|p1b: Scream Tail|move: Protect
|
|upkeep
|
|t:|1750740653
|switch|p1a: Calyrex|Calyrex-Ice, L50|100/100
|switch|p2b: Calyrex|Calyrex-Ice, L50|100/100
|-ability|p1a: Calyrex|As One
|-ability|p1a: Calyrex|Unnerve
|-ability|p2b: Calyrex|As One
|-ability|p2b: Calyrex|Unnerve
|turn|2
|
|t:|1750740674
|move|p1b: Scream Tail|Disable|p2a: Miraidon
|-start|p2a: Miraidon|Disable|Volt Switch
|cant|p2a: Miraidon|Disable|Volt Switch
|move|p1a: Calyrex|Glacial Lance|p2b: Calyrex|[spread] p2a,p2b
|-supereffective|p2a: Miraidon
|-resisted|p2b: Calyrex
|-damage|p2a: Miraidon|0 fnt
|-damage|p2b: Calyrex|83/100
|faint|p2a: Miraidon
|-ability|p1a: Calyrex|Chilling Neigh|boost
|-boost|p1a: Calyrex|atk|1
|move|p2b: Calyrex|Glacial Lance|p1a: Calyrex|[spread] p1a,p1b
|-resisted|p1a: Calyrex
|-damage|p1a: Calyrex|84/100
|-damage|p1b: Scream Tail|60/100
|
|upkeep
|-message|93w forfeited.
|
|win|zhz2021
|raw|zhz2021's rating: 1543 &rarr; <strong>1562</strong><br />(+19 for winning)
|raw|93w's rating: 1532 &rarr; <strong>1513</strong><br />(-19 for losing)
|l|☆93w
|player|p2|
|l|☆zhz2021
|player|p1|
