|j|☆NotNoper
|j|☆trizegard
|t:|1750772329
|gametype|doubles
|player|p1|NotNoper|lucas|1119
|player|p2|trizegard|266|1140
|teamsize|p1|4
|teamsize|p2|6
|gen|9
|tier|[Gen 9] VGC 2025 Reg I
|rated|
|rule|Species Clause: Limit one of each Pokémon
|rule|Item Clause: Limit 1 of each item
|clearpoke
|poke|p1|Mimikyu, L50, M|
|poke|p1|Calyrex-Ice, L50|
|poke|p1|Alomomola, L50, F|
|poke|p1|Clefable, L50, M|
|poke|p2|Regigigas, L50|
|poke|p2|Grafaiai, L50, F|
|poke|p2|Calyrex-Shadow, L50|
|poke|p2|Rhydon, L50, M|
|poke|p2|Incineroar, L50, F|
|poke|p2|Tornadus, L50, M|
|teampreview|4
|inactive|Battle timer is ON: inactive players will automatically lose when time's up. (requested by trizegard)
|inactive|NotNoper also wants the timer to be on.
|
|t:|1750772346
|start
|switch|p1a: Mimikyu|Mimikyu, L50, M|100/100
|switch|p1b: Calyrex|Calyrex-Ice, L50|100/100
|switch|p2a: Regigigas|Regigigas, L50|100/100
|switch|p2b: Grafaiai|Grafaiai, L50, F|100/100
|-ability|p1b: Calyrex|As One
|-ability|p1b: Calyrex|Unnerve
|-start|p2a: Regigigas|ability: Slow Start
|turn|1
|
|t:|1750772356
|move|p2b: Grafaiai|Doodle||[still]
|-fail|p2b: Grafaiai
|move|p1a: Mimikyu|Swords Dance|p1a: Mimikyu
|-boost|p1a: Mimikyu|atk|2
|move|p2a: Regigigas|Heavy Slam|p1a: Mimikyu
|-activate|p1a: Mimikyu|ability: Disguise
|-damage|p1a: Mimikyu|100/100
|detailschange|p1a: Mimikyu|Mimikyu-Busted, L50, M
|-damage|p1a: Mimikyu|88/100|[from] pokemon: Mimikyu-Busted
|move|p1b: Calyrex|Glacial Lance|p2a: Regigigas|[spread] p2a,p2b
|-damage|p2a: Regigigas|46/100
|-damage|p2b: Grafaiai|5/100
|
|upkeep
|turn|2
|
|t:|1750772381
|move|p1b: Calyrex|Protect|p1b: Calyrex
|-singleturn|p1b: Calyrex|Protect
|move|p2b: Grafaiai|Scary Face|p1a: Mimikyu
|-unboost|p1a: Mimikyu|spe|2
|move|p2a: Regigigas|Heavy Slam|p1a: Mimikyu
|-supereffective|p1a: Mimikyu
|-damage|p1a: Mimikyu|11/100
|move|p1a: Mimikyu|Mimic|p1b: Calyrex
|-activate|p1b: Calyrex|move: Protect
|
|upkeep
|turn|3
|-message|NotNoper forfeited.
|
|win|trizegard
|raw|NotNoper's rating: 1119 &rarr; <strong>1096</strong><br />(-23 for losing)
|raw|trizegard's rating: 1140 &rarr; <strong>1163</strong><br />(+23 for winning)
|l|☆NotNoper
|player|p1|
|l|☆trizegard
|player|p2|
