|j|☆cepas14
|j|☆Erayblitzvgc
|t:|1750829791
|gametype|doubles
|player|p1|cepas14|169|1229
|player|p2|Erayblitzvgc|266|1323
|teamsize|p1|6
|teamsize|p2|6
|gen|9
|tier|[Gen 9] VGC 2025 Reg I
|rated|
|rule|Species Clause: Limit one of each Pokémon
|rule|Item Clause: Limit 1 of each item
|clearpoke
|poke|p1|Calyrex-Ice, L50|
|poke|p1|Miraidon, L50|
|poke|p1|Grimmsnarl, L50, M|
|poke|p1|Urshifu-*, L50, F|
|poke|p1|Incineroar, L50, M|
|poke|p1|Landorus, L50, M|
|poke|p2|Indeedee-F, L50, F|
|poke|p2|Calyrex-Ice, L50|
|poke|p2|Mienshao, L50, F|
|poke|p2|Smeargle, L50, M|
|poke|p2|Lunala, L50|
|poke|p2|Armarouge, L50, M|
|teampreview|4
|
|t:|1750829834
|start
|switch|p1a: Incineroar|Incineroar, L50, M|100/100
|switch|p1b: Urshifu|Urshifu-Rapid-Strike, L50, F|100/100
|switch|p2a: Mienshao|Mienshao, L50, F|100/100
|switch|p2b: Calyrex|Calyrex-Ice, L50|100/100
|-ability|p2b: Calyrex|As One
|-ability|p2b: Calyrex|Unnerve
|-ability|p1a: Incineroar|Intimidate|boost
|-fail|p2a: Mienshao|unboost|Attack|[from] ability: Inner Focus|[of] p2a: Mienshao
|-fail|p2b: Calyrex|unboost|[from] item: Clear Amulet|[of] p2b: Calyrex
|turn|1
|inactive|Battle timer is ON: inactive players will automatically lose when time's up. (requested by Erayblitzvgc)
|
|t:|1750829860
|-terastallize|p2b: Calyrex|Ground
|move|p2a: Mienshao|Fake Out|p1b: Urshifu
|-damage|p1b: Urshifu|89/100
|move|p1a: Incineroar|Fake Out|p2a: Mienshao
|-damage|p2a: Mienshao|79/100
|cant|p1b: Urshifu|flinch
|move|p2b: Calyrex|Trick Room|p2b: Calyrex
|-fieldstart|move: Trick Room|[of] p2b: Calyrex
|
|upkeep
|turn|2
|inactive|Erayblitzvgc has 30 seconds left.
|
|t:|1750829887
|switch|p2b: Lunala|Lunala, L50|100/100
|switch|p1a: Calyrex|Calyrex-Ice, L50|100/100
|-ability|p1a: Calyrex|As One
|-ability|p1a: Calyrex|Unnerve
|move|p1b: Urshifu|Surging Strikes|p2b: Lunala
|-crit|p2b: Lunala
|-damage|p2b: Lunala|89/100
|-crit|p2b: Lunala
|-damage|p2b: Lunala|65/100
|-crit|p2b: Lunala
|-damage|p2b: Lunala|42/100
|-hitcount|p2b: Lunala|3
|move|p2a: Mienshao|Close Combat|p1b: Urshifu
|-damage|p1b: Urshifu|33/100
|-unboost|p2a: Mienshao|def|1
|-unboost|p2a: Mienshao|spd|1
|
|upkeep
|turn|3
|inactive|cepas14 has 30 seconds left.
|inactive|Erayblitzvgc has 30 seconds left.
|inactive|cepas14 has 20 seconds left.
|inactive|cepas14 has 15 seconds left.
|l|☆cepas14
|inactive|cepas14 disconnected and has a minute to reconnect!
|player|p1|
|inactive|cepas14 has 10 seconds left.
|inactive|cepas14 has 5 seconds left.
|-message|cepas14 lost due to inactivity.
|
|win|Erayblitzvgc
|raw|cepas14's rating: 1229 &rarr; <strong>1211</strong><br />(-18 for losing)
|raw|Erayblitzvgc's rating: 1323 &rarr; <strong>1338</strong><br />(+15 for winning)
|l|☆Erayblitzvgc
|player|p2|
|j|☆Erayblitzvgc
|player|p2|Erayblitzvgc|266|
|j|☆cepas14
|player|p1|cepas14|169|
|l|☆cepas14
|player|p1|
