|j|☆MrsMarxy
|j|☆6HawtLodes
|t:|1750733707
|gametype|doubles
|player|p1|MrsMarxy|flannery|1168
|player|p2|6HawtLodes|cynthia|1157
|teamsize|p1|6
|teamsize|p2|6
|gen|9
|tier|[Gen 9] VGC 2025 Reg I
|rated|
|rule|Species Clause: Limit one of each Pokémon
|rule|Item Clause: Limit 1 of each item
|clearpoke
|poke|p1|Volcarona, L50, M|
|poke|p1|Miraidon, L50|
|poke|p1|Calyrex-Ice, L50|
|poke|p1|Grimmsnarl, L50, M|
|poke|p1|Incineroar, L50, M|
|poke|p1|Urshifu-*, L50, M|
|poke|p2|Ninetales-Alola, L50, M|
|poke|p2|Kyurem-White, L50|
|poke|p2|Zamazenta-*, L50|
|poke|p2|Urshifu-*, L50, M|
|poke|p2|Glaceon, L50, M|
|poke|p2|Chien-Pao, L50|
|teampreview|4
|inactive|Battle timer is ON: inactive players will automatically lose when time's up. (requested by 6HawtLodes)
|inactive|MrsMarxy also wants the timer to be on.
MrsMarxy has agreed to open team sheets.
6HawtLodes has agreed to open team sheets.
|showteam|p1|Volcarona||RockyHelmet|FlameBody|FieryDance,WillOWisp,QuiverDance,Protect|||M|||50|,,,,,Dragon]Miraidon||AssaultVest|HadronEngine|ElectroDrift,VoltSwitch,Snarl,DazzlingGleam||||||50|,,,,,Fairy]Calyrex-Ice||ClearAmulet|AsOneGlastrier|TrickRoom,HighHorsepower,Protect,GlacialLance||||||50|,,,,,Fire]Grimmsnarl||LightClay|Prankster|FakeTears,SpiritBreak,ThunderWave,Reflect|||M|||50|,,,,,Bug]Incineroar||SafetyGoggles|Intimidate|FakeOut,KnockOff,FlareBlitz,PartingShot|||M|||50|,,,,,Fire]Urshifu-Rapid-Strike||ChoiceBand|UnseenFist|SurgingStrikes,AquaJet,Coaching,CloseCombat|||M|||50|,,,,,Water
|showteam|p2|Ninetales-Alola||IcyRock|SnowWarning|AuroraVeil,Blizzard,Moonblast,FreezeDry|||M|||50|,,,,,Water]Kyurem-White||AssaultVest|Turboblaze|Blizzard,FusionFlare,FreezeDry,EarthPower||||||50|,,,,,Fairy]Zamazenta-Crowned||RustedShield|DauntlessShield|BodyPress,WideGuard,Protect,HeavySlam||||||50|,,,,,Fairy]Urshifu-Rapid-Strike||ChoiceScarf|UnseenFist|SurgingStrikes,CloseCombat,AquaJet,Uturn|||M|||50|,,,,,Water]Glaceon||ChoiceSpecs|SnowCloak|Blizzard,FreezeDry,ShadowBall,AlluringVoice|||M|||50|,,,,,Ice]Chien-Pao||LifeOrb|SwordofRuin|Crunch,IcicleCrash,Protect,SuckerPunch||||||50|,,,,,Ghost
|inactive|MrsMarxy has 60 seconds left.
|inactive|6HawtLodes has 60 seconds left.
|inactive|MrsMarxy has 30 seconds left.
|inactive|MrsMarxy has 20 seconds left.
|inactive|6HawtLodes has 30 seconds left.
|
|t:|1750733788
|start
|switch|p1a: Incineroar|Incineroar, L50, M|100/100
|switch|p1b: Urshifu|Urshifu-Rapid-Strike, L50, M|100/100
|switch|p2a: Kyurem|Kyurem-White, L50|100/100
|switch|p2b: Urshifu|Urshifu-Rapid-Strike, L50, M|100/100
|-ability|p2a: Kyurem|Turboblaze
|-ability|p1a: Incineroar|Intimidate|boost
|-unboost|p2a: Kyurem|atk|1
|-unboost|p2b: Urshifu|atk|1
|turn|1
|inactive|MrsMarxy has 30 seconds left.
|inactive|6HawtLodes has 30 seconds left.
|inactive|MrsMarxy has 20 seconds left.
|inactive|MrsMarxy has 15 seconds left.
|inactive|MrsMarxy has 10 seconds left.
|inactive|MrsMarxy has 5 seconds left.
|
|t:|1750733840
|move|p1a: Incineroar|Fake Out|p2b: Urshifu
|-damage|p2b: Urshifu|90/100
|cant|p2b: Urshifu|flinch
|move|p1b: Urshifu|Close Combat|p2a: Kyurem
|-supereffective|p2a: Kyurem
|-damage|p2a: Kyurem|0 fnt
|-unboost|p1b: Urshifu|def|1
|-unboost|p1b: Urshifu|spd|1
|faint|p2a: Kyurem
|
|upkeep
|
|t:|1750733851
|switch|p2a: Glaceon|Glaceon, L50, M|100/100
|turn|2
|inactive|MrsMarxy has 30 seconds left.
|inactive|6HawtLodes has 30 seconds left.
|
|t:|1750733882
|switch|p1a: E-Bike|Miraidon, L50|100/100
|-fieldstart|move: Electric Terrain|[from] ability: Hadron Engine|[of] p1a: E-Bike
|move|p2b: Urshifu|Surging Strikes|p1b: Urshifu
|-resisted|p1b: Urshifu
|-crit|p1b: Urshifu
|-damage|p1b: Urshifu|83/100
|-resisted|p1b: Urshifu
|-crit|p1b: Urshifu
|-damage|p1b: Urshifu|67/100
|-resisted|p1b: Urshifu
|-crit|p1b: Urshifu
|-damage|p1b: Urshifu|50/100
|-hitcount|p1b: Urshifu|3
|move|p1b: Urshifu|Close Combat|p2a: Glaceon
|-supereffective|p2a: Glaceon
|-damage|p2a: Glaceon|0 fnt
|-unboost|p1b: Urshifu|def|1
|-unboost|p1b: Urshifu|spd|1
|faint|p2a: Glaceon
|
|upkeep
|-message|6HawtLodes forfeited.
|
|win|MrsMarxy
|raw|MrsMarxy's rating: 1168 &rarr; <strong>1192</strong><br />(+24 for winning)
|raw|6HawtLodes's rating: 1157 &rarr; <strong>1133</strong><br />(-24 for losing)
|l|☆6HawtLodes
|player|p2|
|l|☆MrsMarxy
|player|p1|
