|j|☆patrickthisisnt
|j|☆fyssqzh
|t:|1750843640
|gametype|doubles
|player|p1|patrickthisisnt|102|1319
|player|p2|fyssqzh|dawn|1386
|teamsize|p1|6
|teamsize|p2|6
|gen|9
|tier|[Gen 9] VGC 2025 Reg I
|rated|
|rule|Species Clause: Limit one of each Pokémon
|rule|Item Clause: Limit 1 of each item
|clearpoke
|poke|p1|Koraidon, L50|
|poke|p1|Lunala, L50|
|poke|p1|Ursaluna, L50, F|
|poke|p1|Flutter Mane, L50|
|poke|p1|Brute Bonnet, L50|
|poke|p1|Raging Bolt, L50|
|poke|p2|Koraidon, L50|
|poke|p2|Charizard, L50, M|
|poke|p2|Flutter Mane, L50|
|poke|p2|Miraidon, L50|
|poke|p2|Ogerpon-Cornerstone, L50, F|
|poke|p2|Umbreon, L50, F|
|teampreview|4
|inactive|Battle timer is ON: inactive players will automatically lose when time's up. (requested by patrickthisisnt)
|inactive|fyssqzh also wants the timer to be on.
patrickthisisnt has agreed to open team sheets.
|inactive|patrickthisisnt has 60 seconds left.
|inactive|fyssqzh has 60 seconds left.
|
|t:|1750843685
|start
|switch|p1a: goku|Koraidon, L50|100/100
|switch|p1b: chichi|Flutter Mane, L50|100/100
|switch|p2a: Koraidon|Koraidon, L50|100/100
|switch|p2b: Charizard|Charizard, L50, M|100/100
|-weather|SunnyDay|[from] ability: Orichalcum Pulse|[of] p2a: Koraidon
|-activate|p1b: chichi|ability: Protosynthesis
|-start|p1b: chichi|protosynthesisspe
|-activate|p2a: Koraidon|Orichalcum Pulse|[source]
|-activate|p1a: goku|ability: Orichalcum Pulse
|turn|1
|
|t:|1750843702
|-terastallize|p1a: goku|Fire
|move|p2a: Koraidon|Protect|p2a: Koraidon
|-singleturn|p2a: Koraidon|Protect
|move|p1b: chichi|Icy Wind|p2a: Koraidon|[spread] p2b
|-activate|p2a: Koraidon|move: Protect
|-damage|p2b: Charizard|79/100
|-unboost|p2b: Charizard|spe|1
|move|p1a: goku|Close Combat|p2a: Koraidon
|-activate|p2a: Koraidon|move: Protect
|move|p2b: Charizard|Heat Wave|p1a: goku|[spread] p1a,p1b
|-resisted|p1a: goku
|-damage|p1a: goku|61/100
|-damage|p1b: chichi|10/100
|
|-weather|SunnyDay|[upkeep]
|-damage|p2b: Charizard|67/100|[from] ability: Solar Power|[of] p2b: Charizard
|upkeep
|turn|2
|inactive|fyssqzh has 30 seconds left.
|inactive|patrickthisisnt has 30 seconds left.
|inactive|fyssqzh has 20 seconds left.
|
|t:|1750843739
|-terastallize|p2a: Koraidon|Fire
|move|p1b: chichi|Shadow Ball|p2b: Charizard
|-damage|p2b: Charizard|12/100
|move|p2a: Koraidon|Flame Charge|p1b: chichi
|-damage|p1b: chichi|0 fnt
|-boost|p2a: Koraidon|spe|1
|faint|p1b: chichi
|-end|p1b: chichi|Protosynthesis|[silent]
|move|p1a: goku|Close Combat|p2a: Koraidon
|-damage|p2a: Koraidon|22/100
|-unboost|p1a: goku|def|1
|-unboost|p1a: goku|spd|1
|move|p2b: Charizard|Heat Wave|p1a: goku
|-resisted|p1a: goku
|-damage|p1a: goku|0 fnt
|faint|p1a: goku
|
|-weather|SunnyDay|[upkeep]
|-damage|p2b: Charizard|0 fnt|[from] ability: Solar Power|[of] p2b: Charizard
|faint|p2b: Charizard
|upkeep
|inactive|fyssqzh has 30 seconds left.
|inactive|fyssqzh has 20 seconds left.
|inactive|fyssqzh has 15 seconds left.
|inactive|fyssqzh has 10 seconds left.
|inactive|fyssqzh has 5 seconds left.
|
|t:|1750843794
|switch|p1b: frieza|Lunala, L50|100/100
|switch|p1a: krillin|Raging Bolt, L50|100/100
|switch|p2b: Miraidon|Miraidon, L50|100/100
|-fieldstart|move: Electric Terrain|[from] ability: Hadron Engine|[of] p2b: Miraidon
|-activate|p1a: krillin|ability: Protosynthesis
|-start|p1a: krillin|protosynthesisspa
|turn|3
|l|☆patrickthisisnt
|inactive|patrickthisisnt disconnected and has a minute to reconnect!
|player|p1|
|inactive|patrickthisisnt has 30 seconds left.
|inactive|fyssqzh has 30 seconds left.
|j|☆patrickthisisnt
|inactive|patrickthisisnt reconnected and has 30 seconds left.
|player|p1|patrickthisisnt|102|
|inactive|fyssqzh has 20 seconds left.
|inactive|fyssqzh has 15 seconds left.
|inactive|fyssqzh has 10 seconds left.
|inactive|fyssqzh has 5 seconds left.
|
|t:|1750843849
|move|p2a: Koraidon|Collision Course|p1a: krillin
|-damage|p1a: krillin|46/100
|move|p2b: Miraidon|Dazzling Gleam|p1a: krillin|[spread] p1a,p1b
|-supereffective|p1a: krillin
|-damage|p1a: krillin|0 fnt
|-damage|p1b: frieza|84/100
|faint|p1a: krillin
|-end|p1a: krillin|Protosynthesis|[silent]
|move|p1b: frieza|Meteor Beam||[still]
|-prepare|p1b: frieza|Meteor Beam
|-boost|p1b: frieza|spa|1
|-enditem|p1b: frieza|Power Herb
|-anim|p1b: frieza|Meteor Beam|p2a: Koraidon
|-supereffective|p2a: Koraidon
|-damage|p2a: Koraidon|0 fnt
|faint|p2a: Koraidon
|
|-weather|SunnyDay|[upkeep]
|upkeep
|inactive|fyssqzh has 30 seconds left.
|inactive|fyssqzh has 20 seconds left.
|inactive|fyssqzh has 15 seconds left.
|inactive|fyssqzh has 10 seconds left.
|inactive|fyssqzh has 5 seconds left.
|
|t:|1750843904
|switch|p2a: Flutter Mane|Flutter Mane, L50|100/100
|-activate|p2a: Flutter Mane|ability: Protosynthesis
|-start|p2a: Flutter Mane|protosynthesisspe
|turn|4
|inactive|fyssqzh has 30 seconds left.
|inactive|fyssqzh has 20 seconds left.
|inactive|fyssqzh has 15 seconds left.
|
|t:|1750843948
|move|p2a: Flutter Mane|Shadow Ball|p1b: frieza
|-supereffective|p1b: frieza
|-damage|p1b: frieza|0 fnt
|faint|p1b: frieza
|
|win|fyssqzh
|raw|patrickthisisnt's rating: 1319 &rarr; <strong>1303</strong><br />(-16 for losing)
|raw|fyssqzh's rating: 1386 &rarr; <strong>1402</strong><br />(+16 for winning)
|l|☆fyssqzh
|player|p2|
|l|☆patrickthisisnt
|player|p1|
