|j|☆WillieDangerously
|j|☆lupothewulf
|t:|1750822762
|gametype|doubles
|player|p1|WillieDangerously|roughneck|1130
|player|p2|lupothewulf|266|1023
|teamsize|p1|6
|teamsize|p2|6
|gen|9
|tier|[Gen 9] VGC 2025 Reg I
|rated|
|rule|Species Clause: Limit one of each Pokémon
|rule|Item Clause: Limit 1 of each item
|clearpoke
|poke|p1|Amoonguss, L50, F|
|poke|p1|Indeedee-F, L50, F|
|poke|p1|Ho-Oh, L50|
|poke|p1|Koraidon, L50|
|poke|p1|Walking Wake, L50|
|poke|p1|Heatran, L50, F|
|poke|p2|Calyrex-Shadow, L50|
|poke|p2|Zamazenta-*, L50|
|poke|p2|Armarouge, L50, M|
|poke|p2|Incineroar, L50, M|
|poke|p2|Indeedee-F, L50, F|
|poke|p2|Flutter Mane, L50|
|teampreview|4
lupothewulf rejected open team sheets.
|
|t:|1750822799
|start
|switch|p1a: Amoonguss|Amoonguss, L50, F|100/100
|switch|p1b: Walking Wake|Walking Wake, L50|100/100
|switch|p2a: Calyrex|Calyrex-Shadow, L50|100/100
|switch|p2b: Indeedee|Indeedee-F, L50, F|100/100
|-ability|p2a: Calyrex|As One
|-ability|p2a: Calyrex|Unnerve
|-fieldstart|move: Psychic Terrain|[from] ability: Psychic Surge|[of] p2b: Indeedee
|turn|1
|
|t:|1750822815
|move|p1b: Walking Wake|Protect|p1b: Walking Wake
|-singleturn|p1b: Walking Wake|Protect
|move|p2a: Calyrex|Expanding Force|p1a: Amoonguss|[spread] p1a
|-activate|p1b: Walking Wake|move: Protect
|-supereffective|p1a: Amoonguss
|-damage|p1a: Amoonguss|0 fnt
|faint|p1a: Amoonguss
|-ability|p2a: Calyrex|Grim Neigh|boost
|-boost|p2a: Calyrex|spa|1
|move|p2b: Indeedee|Reflect|p2b: Indeedee
|-sidestart|p2: lupothewulf|Reflect
|
|upkeep
|
|t:|1750822833
|switch|p1a: Koraidon|Koraidon, L50|100/100
|-weather|SunnyDay|[from] ability: Orichalcum Pulse|[of] p1a: Koraidon
|-activate|p1b: Walking Wake|ability: Protosynthesis
|-start|p1b: Walking Wake|protosynthesisspe
|-activate|p1a: Koraidon|Orichalcum Pulse|[source]
|turn|2
|
|t:|1750822843
|move|p2b: Indeedee|Follow Me|p2b: Indeedee
|-singleturn|p2b: Indeedee|move: Follow Me
|move|p1b: Walking Wake|Snarl|p2b: Indeedee|[spread] p2a,p2b
|-supereffective|p2a: Calyrex
|-supereffective|p2b: Indeedee
|-damage|p2a: Calyrex|46/100
|-damage|p2b: Indeedee|73/100
|-unboost|p2a: Calyrex|spa|1
|-unboost|p2b: Indeedee|spa|1
|move|p2a: Calyrex|Expanding Force|p1a: Koraidon|[spread] p1a,p1b
|-supereffective|p1a: Koraidon
|-damage|p1a: Koraidon|0 fnt
|-damage|p1b: Walking Wake|0 fnt
|faint|p1a: Koraidon
|faint|p1b: Walking Wake
|-end|p1b: Walking Wake|Protosynthesis|[silent]
|-ability|p2a: Calyrex|Grim Neigh|boost
|-boost|p2a: Calyrex|spa|2
|
|-weather|SunnyDay|[upkeep]
|upkeep
|-message|WillieDangerously forfeited.
|
|win|lupothewulf
|raw|WillieDangerously's rating: 1130 &rarr; <strong>1098</strong><br />(-32 for losing)
|raw|lupothewulf's rating: 1023 &rarr; <strong>1070</strong><br />(+47 for winning)
