|j|☆xuwang123
|j|☆thegreatestgalar
|t:|1750811730
|gametype|doubles
|player|p1|xuwang123|102|1379
|player|p2|thegreatestgalar|pokemonrangerf|1465
|teamsize|p1|6
|teamsize|p2|6
|gen|9
|tier|[Gen 9] VGC 2025 Reg I
|rated|
|rule|Species Clause: Limit one of each Pokémon
|rule|Item Clause: Limit 1 of each item
|clearpoke
|poke|p1|Calyrex-Ice, L50|
|poke|p1|Lunala, L50|
|poke|p1|Smeargle, L50, M|
|poke|p1|Urshifu-*, L50, M|
|poke|p1|Torkoal, L50, F|
|poke|p1|Indeedee-F, L50, F|
|poke|p2|Calyrex-Shadow, L50|
|poke|p2|Incineroar, L50, F|
|poke|p2|Raichu, L50, F|
|poke|p2|Zacian-*, L50|
|poke|p2|Whimsicott, L50, F|
|poke|p2|Breloom, L50, M|
|teampreview|4
|
|t:|1750811745
|start
|switch|p1a: Lunala|Lunala, L50|100/100
|switch|p1b: Indeedee|Indeedee-F, L50, F|100/100
|switch|p2a: Zacian|Zacian-Crowned, L50|100/100
|switch|p2b: Breloom|Breloom, L50, M|100/100
|-ability|p2a: Zacian|Intrepid Sword|boost
|-boost|p2a: Zacian|atk|1
|-fieldstart|move: Psychic Terrain|[from] ability: Psychic Surge|[of] p1b: Indeedee
|turn|1
|
|t:|1750811766
|-terastallize|p1a: Lunala|Grass
|move|p2a: Zacian|Behemoth Blade|p1b: Indeedee
|-damage|p1b: Indeedee|17/100
|move|p2b: Breloom|Spore|p1b: Indeedee
|-activate|p1b: Indeedee|item: Safety Goggles|Spore
|move|p1a: Lunala|Meteor Beam||[still]
|-prepare|p1a: Lunala|Meteor Beam
|-boost|p1a: Lunala|spa|1
|-enditem|p1a: Lunala|Power Herb
|-anim|p1a: Lunala|Meteor Beam|p2b: Breloom
|-resisted|p2b: Breloom
|-damage|p2b: Breloom|39/100
|move|p1b: Indeedee|Trick Room|p1b: Indeedee
|-fieldstart|move: Trick Room|[of] p1b: Indeedee
|
|upkeep
|turn|2
|-message|thegreatestgalar forfeited.
|
|win|xuwang123
|raw|xuwang123's rating: 1379 &rarr; <strong>1404</strong><br />(+25 for winning)
|raw|thegreatestgalar's rating: 1465 &rarr; <strong>1440</strong><br />(-25 for losing)
|l|☆thegreatestgalar
|player|p2|
|l|☆xuwang123
|player|p1|
