|j|☆tetromomo
|j|☆gsbossmonster
|t:|1750728082
|gametype|doubles
|player|p1|tetromomo|barry|1373
|player|p2|gsbossmonster|biker-gen4|1429
|teamsize|p1|6
|teamsize|p2|6
|gen|9
|tier|[Gen 9] VGC 2025 Reg I
|rated|
|rule|Species Clause: Limit one of each Pokémon
|rule|Item Clause: Limit 1 of each item
|clearpoke
|poke|p1|Calyrex-Ice, L50|
|poke|p1|Miraidon, L50|
|poke|p1|Farigiraf, L50, F|
|poke|p1|Incineroar, L50, M|
|poke|p1|Urshifu-*, L50, M|
|poke|p1|Landorus, L50, M|
|poke|p2|Groudon, L50|
|poke|p2|Koraidon, L50|
|poke|p2|Tornadus, L50, M|
|poke|p2|Venusaur, L50, M|
|poke|p2|Mienshao, L50, M|
|poke|p2|Entei, L50|
|teampreview|4
tetromomo has agreed to open team sheets.
|inactive|Battle timer is ON: inactive players will automatically lose when time's up. (requested by tetromomo)
gsbossmonster has agreed to open team sheets.
|showteam|p1|Calyrex-Ice||ClearAmulet|AsOneGlastrier|GlacialLance,HighHorsepower,TrickRoom,Protect||||||50|,,,,,Water]Miraidon||ChoiceSpecs|HadronEngine|DazzlingGleam,VoltSwitch,ElectroDrift,DracoMeteor||||||50|,,,,,Fairy]Farigiraf||ElectricSeed|ArmorTail|Psychic,TrickRoom,FoulPlay,HelpingHand|||F|||50|,,,,,Water]Incineroar||AssaultVest|Intimidate|FlareBlitz,FakeOut,KnockOff,Uturn|||M|||50|,,,,,Bug]Urshifu-Rapid-Strike||FocusSash|UnseenFist|CloseCombat,SurgingStrikes,AquaJet,Detect|||M|||50|,,,,,Water]Landorus||LifeOrb|SheerForce|EarthPower,SludgeBomb,Crunch,Protect|||M|||50|,,,,,Poison
|showteam|p2|Groudon||AssaultVest|Drought|PrecipiceBlades,HeatCrash,ThunderPunch,HighHorsepower||||||50|,,,,,Fire]Koraidon||ClearAmulet|OrichalcumPulse|CollisionCourse,FlareBlitz,FlameCharge,Protect||||||50|,,,,,Fire]Tornadus||CovertCloak|Prankster|BleakwindStorm,Taunt,Tailwind,Protect|||M|||50|,,,,,Ground]Venusaur||LifeOrb|Chlorophyll|SolarBeam,SleepPowder,WeatherBall,Protect|||M|||50|,,,,,Fire]Mienshao||FocusSash|InnerFocus|CloseCombat,FakeOut,WideGuard,Taunt|||M|||50|,,,,,Ghost]Entei||SitrusBerry|InnerFocus|SacredFire,ExtremeSpeed,Trailblaze,Protect||||||50|,,,,,Water
|inactive|tetromomo has 60 seconds left.
|inactive|tetromomo has 30 seconds left.
|
|t:|1750728158
|start
|switch|p1a: Calyrex|Calyrex-Ice, L50|100/100
|switch|p1b: Incineroar|Incineroar, L50, M|100/100
|switch|p2a: Koraidon|Koraidon, L50|100/100
|switch|p2b: Tornadus|Tornadus, L50, M|100/100
|-ability|p1a: Calyrex|As One
|-ability|p1a: Calyrex|Unnerve
|-weather|SunnyDay|[from] ability: Orichalcum Pulse|[of] p2a: Koraidon
|-activate|p2a: Koraidon|Orichalcum Pulse|[source]
|-ability|p1b: Incineroar|Intimidate|boost
|-fail|p2a: Koraidon|unboost|[from] item: Clear Amulet|[of] p2a: Koraidon
|-unboost|p2b: Tornadus|atk|1
|turn|1
|inactive|tetromomo has 30 seconds left.
|
|t:|1750728189
|-terastallize|p1a: Calyrex|Water
|move|p1b: Incineroar|Fake Out|p2a: Koraidon
|-damage|p2a: Koraidon|90/100
|move|p2b: Tornadus|Taunt|p1a: Calyrex
|-start|p1a: Calyrex|move: Taunt
|cant|p2a: Koraidon|flinch
|move|p1a: Calyrex|Glacial Lance|p2a: Koraidon|[spread] p2a,p2b
|-supereffective|p2a: Koraidon
|-supereffective|p2b: Tornadus
|-damage|p2a: Koraidon|0 fnt
|-damage|p2b: Tornadus|0 fnt
|faint|p2a: Koraidon
|faint|p2b: Tornadus
|-ability|p1a: Calyrex|Chilling Neigh|boost
|-boost|p1a: Calyrex|atk|2
|
|-weather|SunnyDay|[upkeep]
|upkeep
|
|t:|1750728205
|switch|p2a: Groudon|Groudon, L50|100/100
|switch|p2b: Venusaur|Venusaur, L50, M, shiny|100/100
|turn|2
|
|t:|1750728220
|switch|p1b: Miraidon|Miraidon, L50|100/100
|-fieldstart|move: Electric Terrain|[from] ability: Hadron Engine|[of] p1b: Miraidon
|move|p2b: Venusaur|Solar Beam||[still]
|-prepare|p2b: Venusaur|Solar Beam
|-anim|p2b: Venusaur|Solar Beam|p1a: Calyrex
|-supereffective|p1a: Calyrex
|-damage|p1a: Calyrex|2/100
|-damage|p2b: Venusaur|91/100|[from] item: Life Orb
|move|p2a: Groudon|High Horsepower|p1b: Miraidon
|-supereffective|p1b: Miraidon
|-damage|p1b: Miraidon|0 fnt
|faint|p1b: Miraidon
|move|p1a: Calyrex|Glacial Lance|p2b: Venusaur|[spread] p2a,p2b
|-supereffective|p2a: Groudon
|-supereffective|p2b: Venusaur
|-damage|p2a: Groudon|0 fnt
|-damage|p2b: Venusaur|0 fnt
|faint|p2a: Groudon
|faint|p2b: Venusaur
|
|win|tetromomo
|raw|tetromomo's rating: 1373 &rarr; <strong>1396</strong><br />(+23 for winning)
|raw|gsbossmonster's rating: 1429 &rarr; <strong>1406</strong><br />(-23 for losing)
|c|☆gsbossmonster|Ofc
|c|☆gsbossmonster|2 hp
|l|☆gsbossmonster
|player|p2|
|l|☆tetromomo
|player|p1|
