|j|☆sweepy boi
|j|☆Michaelchad
|t:|1750864010
|gametype|doubles
|player|p1|sweepy boi|skyla|1454
|player|p2|Michaelchad|265|1436
|teamsize|p1|6
|teamsize|p2|6
|gen|9
|tier|[Gen 9] VGC 2025 Reg I
|rated|
|rule|Species Clause: Limit one of each Pokémon
|rule|Item Clause: Limit 1 of each item
|clearpoke
|poke|p1|Miraidon, L50|
|poke|p1|Thundurus, L50, M|
|poke|p1|Landorus, L50, M|
|poke|p1|Tornadus, L50, M|
|poke|p1|Enamorus, L50, F|
|poke|p1|Calyrex-Ice, L50|
|poke|p2|Ho-Oh, L50|
|poke|p2|Urshifu-*, L50, F|
|poke|p2|Toxapex, L50, M|
|poke|p2|Landorus, L50, M|
|poke|p2|Miraidon, L50|
|poke|p2|Rhyperior, L50, M|
|teampreview|4
|inactive|Battle timer is ON: inactive players will automatically lose when time's up. (requested by Michaelchad)
|
|t:|1750864039
|start
|switch|p1a: Thundurus|Thundurus, L50, M|100/100
|switch|p1b: Enamorus|Enamorus, L50, F|100/100
|switch|p2a: Toxapex|Toxapex, L50, M, shiny|100/100
|switch|p2b: Miraidon|Miraidon, L50|100/100
|-fieldstart|move: Electric Terrain|[from] ability: Hadron Engine|[of] p2b: Miraidon
|turn|1
|inactive|Michaelchad has 30 seconds left.
|inactive|Michaelchad has 20 seconds left.
|inactive|Michaelchad has 15 seconds left.
|
|t:|1750864084
|-terastallize|p1b: Enamorus|Stellar
|move|p2a: Toxapex|Baneful Bunker|p2a: Toxapex
|-singleturn|p2a: Toxapex|move: Protect
|move|p1a: Thundurus|Scary Face|p1b: Enamorus
|-boost|p1b: Enamorus|spe|2
|move|p1b: Enamorus|Moonblast|p2b: Miraidon
|-supereffective|p2b: Miraidon
|-damage|p2b: Miraidon|0 fnt
|faint|p2b: Miraidon
|
|upkeep
|
|t:|1750864094
|switch|p2b: Ho-Oh|Ho-Oh, L50|100/100
|turn|2
|
|t:|1750864117
|-terastallize|p2b: Ho-Oh|Grass
|move|p1a: Thundurus|Eerie Impulse|p1b: Enamorus
|-boost|p1b: Enamorus|spa|2
|move|p1b: Enamorus|Tera Blast|p2b: Ho-Oh|[anim] Tera Blast Stellar
|-supereffective|p2b: Ho-Oh
|-damage|p2b: Ho-Oh|3/100
|-boost|p1b: Enamorus|atk|1
|-boost|p1b: Enamorus|spa|1
|-enditem|p2b: Ho-Oh|Sitrus Berry|[eat]
|-heal|p2b: Ho-Oh|28/100|[from] item: Sitrus Berry
|move|p2b: Ho-Oh|Brave Bird|p1b: Enamorus
|-damage|p1b: Enamorus|4/100
|-damage|p2b: Ho-Oh|5/100|[from] Recoil
|move|p2a: Toxapex|Infestation|p1b: Enamorus
|-resisted|p1b: Enamorus
|-damage|p1b: Enamorus|4/100
|-activate|p1b: Enamorus|move: Infestation|[of] p2a: Toxapex
|
|-damage|p1b: Enamorus|0 fnt|[from] move: Infestation|[partiallytrapped]
|faint|p1b: Enamorus
|upkeep
|
|t:|1750864138
|switch|p1b: Miraidon|Miraidon, L50|100/100
|-activate|p1b: Miraidon|ability: Hadron Engine
|turn|3
|-message|Michaelchad forfeited.
|
|win|sweepy boi
|raw|sweepy boi's rating: 1454 &rarr; <strong>1473</strong><br />(+19 for winning)
|raw|Michaelchad's rating: 1436 &rarr; <strong>1417</strong><br />(-19 for losing)
|l|☆Michaelchad
|player|p2|
|l|☆sweepy boi
|player|p1|
|j|☆sweepy boi
|player|p1|sweepy boi|skyla|
|l|☆sweepy boi
|player|p1|
