|j|☆gui2xx
|j|☆spirhul
|t:|1750812554
|gametype|doubles
|player|p1|gui2xx|preschoolerf|1092
|player|p2|spirhul|2|1091
|teamsize|p1|6
|teamsize|p2|6
|gen|9
|tier|[Gen 9] VGC 2025 Reg I
|rated|
|rule|Species Clause: Limit one of each Pokémon
|rule|Item Clause: Limit 1 of each item
|clearpoke
|poke|p1|Miraidon, L50|
|poke|p1|Iron Crown, L50|
|poke|p1|Meowstic, L50, M|
|poke|p1|Calyrex-Shadow, L50|
|poke|p1|Rhyperior, L50, M|
|poke|p1|Farigiraf, L50, F|
|poke|p2|Groudon, L50|
|poke|p2|Mewtwo, L50|
|poke|p2|Iron Moth, L50|
|poke|p2|Muk-Alola, L50, F|
|poke|p2|Porygon-Z, L50|
|poke|p2|Walking Wake, L50|
|teampreview|4
|inactive|Battle timer is ON: inactive players will automatically lose when time's up. (requested by gui2xx)
|inactive|gui2xx has 60 seconds left.
|
|t:|1750812598
|start
|switch|p1a: Miraidon|Miraidon, L50|100/100
|switch|p1b: Iron Crown|Iron Crown, L50|100/100
|switch|p2a: Muk|Muk-Alola, L50, F|100/100
|switch|p2b: Mewtwo|Mewtwo, L50|100/100
|-ability|p2b: Mewtwo|Unnerve
|-fieldstart|move: Electric Terrain|[from] ability: Hadron Engine|[of] p1a: Miraidon
|-activate|p1b: Iron Crown|ability: Quark Drive
|-start|p1b: Iron Crown|quarkdrivespe
|turn|1
|c|☆spirhul|On the toilet plz hurry i have a date coming over
|
|t:|1750812623
|-terastallize|p1b: Iron Crown|Steel
|move|p1b: Iron Crown|Steel Beam|p2a: Muk
|-damage|p2a: Muk|3/100
|-damage|p1b: Iron Crown|50/100|[from] steelbeam
|move|p1a: Miraidon|Draco Meteor|p2b: Mewtwo
|-damage|p2b: Mewtwo|0 fnt
|-unboost|p1a: Miraidon|spa|2
|faint|p2b: Mewtwo
|-enditem|p1a: Miraidon|Eject Pack
|
|t:|1750812638
|switch|p1a: Rhyperior|Rhyperior, L50, M|100/100
|move|p2a: Muk|Knock Off|p1b: Iron Crown
|-damage|p1b: Iron Crown|5/100
|-enditem|p1b: Iron Crown|Choice Specs|[from] move: Knock Off|[of] p2a: Muk
|
|-heal|p2a: Muk|9/100|[from] item: Black Sludge
|upkeep
|
|t:|1750812654
|switch|p2b: Porygon-Z|Porygon-Z, L50|100/100
|turn|2
|
|t:|1750812674
|move|p1b: Iron Crown|Steel Beam|p2b: Porygon-Z
|-damage|p2b: Porygon-Z|0 fnt
|-damage|p1b: Iron Crown|0 fnt|[from] steelbeam
|faint|p1b: Iron Crown
|-end|p1b: Iron Crown|Quark Drive|[silent]
|faint|p2b: Porygon-Z
|move|p2a: Muk|Drain Punch|p1a: Rhyperior
|-supereffective|p1a: Rhyperior
|-damage|p1a: Rhyperior|70/100
|-heal|p2a: Muk|27/100|[from] drain|[of] p1a: Rhyperior
|move|p1a: Rhyperior|Iron Head|p2a: Muk
|-damage|p2a: Muk|0 fnt
|faint|p2a: Muk
|
|upkeep
|
|t:|1750812690
|switch|p1b: Calyrex|Calyrex-Shadow, L50|100/100
|switch|p2b: Iron Moth|Iron Moth, L50, shiny|100/100
|-ability|p1b: Calyrex|As One
|-ability|p1b: Calyrex|Unnerve
|-activate|p2b: Iron Moth|ability: Quark Drive
|-start|p2b: Iron Moth|quarkdrivespe
|turn|3
|
|t:|1750812707
|switch|p1a: Miraidon|Miraidon, L50|100/100
|-activate|p1a: Miraidon|ability: Hadron Engine
|-terastallize|p2b: Iron Moth|Bug
|move|p1b: Calyrex|Astral Barrage|p2b: Iron Moth
|-damage|p2b: Iron Moth|13/100
|move|p2b: Iron Moth|Bug Buzz|p1b: Calyrex
|-damage|p1b: Calyrex|51/100
|
|upkeep
|turn|4
|-message|spirhul forfeited.
|
|win|gui2xx
|raw|gui2xx's rating: 1092 &rarr; <strong>1118</strong><br />(+26 for winning)
|raw|spirhul's rating: 1091 &rarr; <strong>1067</strong><br />(-24 for losing)
|l|☆spirhul
|player|p2|
|l|☆gui2xx
|player|p1|
