|j|☆HarrietThugman
|j|☆TipoLucha
|t:|1750875527
|gametype|doubles
|player|p1|HarrietThugman|102|1178
|player|p2|TipoLucha|169|1174
|teamsize|p1|6
|teamsize|p2|6
|gen|9
|tier|[Gen 9] VGC 2025 Reg I
|rated|
|rule|Species Clause: Limit one of each Pokémon
|rule|Item Clause: Limit 1 of each item
|clearpoke
|poke|p1|Calyrex-Shadow, L50|
|poke|p1|Chi-Yu, L50|
|poke|p1|Minior, L50|
|poke|p1|Zacian-*, L50|
|poke|p1|Flutter Mane, L50|
|poke|p1|Rillaboom, L50, F|
|poke|p2|Miraidon, L50|
|poke|p2|Koraidon, L50|
|poke|p2|Incineroar, L50, M|
|poke|p2|Whimsicott, L50, F|
|poke|p2|Gastrodon, L50, M|
|poke|p2|Urshifu-*, L50, M|
|teampreview|4
|inactive|Battle timer is ON: inactive players will automatically lose when time's up. (requested by HarrietThugman)
|c|☆HarrietThugman|Have some minior
|c|☆HarrietThugman|MINIOR USE MINIOR BLAST
|inactive|TipoLucha has 60 seconds left.
|
|t:|1750875624
|start
|switch|p1a: Minior|Minior, L50, shiny|100/100
|switch|p1b: Calyrex|Calyrex-Shadow, L50|100/100
|switch|p2a: Incineroar|Incineroar, L50, M|100/100
|switch|p2b: Urshifu|Urshifu, L50, M|100/100
|-ability|p1b: Calyrex|As One
|-ability|p1b: Calyrex|Unnerve
|-ability|p2a: Incineroar|Intimidate|boost
|-unboost|p1a: Minior|atk|1
|-unboost|p1b: Calyrex|atk|1
|-formechange|p1a: Minior|Minior-Meteor||[from] ability: Shields Down
|turn|1
|c|☆HarrietThugman|Smoke rock? What happens when rock smokes you?
|inactive|HarrietThugman has 30 seconds left.
|inactive|HarrietThugman has 20 seconds left.
|inactive|HarrietThugman has 15 seconds left.
|inactive|TipoLucha has 30 seconds left.
|
|t:|1750875664
|switch|p1b: Zacian|Zacian-Crowned, L50|100/100
|-ability|p1b: Zacian|Intrepid Sword|boost
|-boost|p1b: Zacian|atk|1
|move|p2a: Incineroar|Fake Out|p1a: Minior
|-resisted|p1a: Minior
|-damage|p1a: Minior|91/100
|move|p2b: Urshifu|Wicked Blow|p1b: Zacian
|-resisted|p1b: Zacian
|-crit|p1b: Zacian
|-damage|p1b: Zacian|74/100
|cant|p1a: Minior|flinch
|
|upkeep
|turn|2
|inactive|TipoLucha has 30 seconds left.
|
|t:|1750875693
|switch|p2b: Koraidon|Koraidon, L50|100/100
|-weather|SunnyDay|[from] ability: Orichalcum Pulse|[of] p2b: Koraidon
|-activate|p2b: Koraidon|Orichalcum Pulse|[source]
|move|p1b: Zacian|Play Rough|p2b: Koraidon
|-supereffective|p2b: Koraidon
|-damage|p2b: Koraidon|0 fnt
|faint|p2b: Koraidon
|move|p1a: Minior|Meteor Beam||[still]
|-prepare|p1a: Minior|Meteor Beam
|-boost|p1a: Minior|spa|1
|-enditem|p1a: Minior|Power Herb
|-anim|p1a: Minior|Meteor Beam|p2a: Incineroar
|-supereffective|p2a: Incineroar
|-damage|p2a: Incineroar|20/100
|move|p2a: Incineroar|Flare Blitz|p1b: Zacian
|-supereffective|p1b: Zacian
|-damage|p1b: Zacian|0 fnt
|faint|p1b: Zacian
|-damage|p2a: Incineroar|0 fnt|[from] Recoil
|faint|p2a: Incineroar
|
|-weather|SunnyDay|[upkeep]
|upkeep
|
|t:|1750875713
|switch|p1b: Calyrex|Calyrex-Shadow, L50|100/100
|switch|p2b: Miraidon|Miraidon, L50|100/100
|switch|p2a: Urshifu|Urshifu, L50, M|100/100
|-ability|p1b: Calyrex|As One
|-ability|p1b: Calyrex|Unnerve
|-fieldstart|move: Electric Terrain|[from] ability: Hadron Engine|[of] p2b: Miraidon
|turn|3
|c|☆HarrietThugman|U gunna let minior do that to u?
|
|t:|1750875734
|-terastallize|p1a: Minior|Ground
|move|p2a: Urshifu|Sucker Punch|p1b: Calyrex
|-supereffective|p1b: Calyrex
|-enditem|p1b: Calyrex|Focus Sash
|-damage|p1b: Calyrex|1/100
|move|p2b: Miraidon|Electro Drift|p1a: Minior
|-immune|p1a: Minior
|move|p1b: Calyrex|Astral Barrage|p2b: Miraidon|[spread] p2a,p2b
|-resisted|p2a: Urshifu
|-damage|p2a: Urshifu|56/100
|-damage|p2b: Miraidon|47/100
|move|p1a: Minior|Earth Power|p2b: Miraidon
|-supereffective|p2b: Miraidon
|-damage|p2b: Miraidon|0 fnt
|faint|p2b: Miraidon
|
|-weather|SunnyDay|[upkeep]
|upkeep
|turn|4
|-message|TipoLucha forfeited.
|
|win|HarrietThugman
|raw|HarrietThugman's rating: 1178 &rarr; <strong>1203</strong><br />(+25 for winning)
|raw|TipoLucha's rating: 1174 &rarr; <strong>1149</strong><br />(-25 for losing)
|l|☆TipoLucha
|player|p2|
|c|☆HarrietThugman|Damn u lettin minior get out of control
