|j|☆imissclaire
|j|☆anubisjr
|t:|1750796683
|gametype|doubles
|player|p1|imissclaire|ghetsis|1571
|player|p2|anubisjr|265|1657
|teamsize|p1|6
|teamsize|p2|6
|gen|9
|tier|[Gen 9] VGC 2025 Reg I
|rated|
|rule|Species Clause: Limit one of each Pokémon
|rule|Item Clause: Limit 1 of each item
|clearpoke
|poke|p1|Calyrex-Shadow, L50|
|poke|p1|Shiftry, L50, M|
|poke|p1|Chi-Yu, L50|
|poke|p1|Koraidon, L50|
|poke|p1|Raging Bolt, L50|
|poke|p1|Indeedee-F, L50, F|
|poke|p2|Calyrex-Shadow, L50|
|poke|p2|Miraidon, L50|
|poke|p2|Whimsicott, L50, M|
|poke|p2|Iron Treads, L50|
|poke|p2|Urshifu-*, L50, F|
|poke|p2|Iron Hands, L50|
|teampreview|4
|
|t:|1750796779
|start
|switch|p1a: Shiftry|Shiftry, L50, M|100/100
|switch|p1b: Koraidon|Koraidon, L50|100/100
|switch|p2a: Whimsicott|Whimsicott, L50, M|100/100
|switch|p2b: Miraidon|Miraidon, L50|100/100
|-weather|SunnyDay|[from] ability: Orichalcum Pulse|[of] p1b: Koraidon
|-activate|p1b: Koraidon|Orichalcum Pulse|[source]
|-fieldstart|move: Electric Terrain|[from] ability: Hadron Engine|[of] p2b: Miraidon
|turn|1
|
|t:|1750796807
|-terastallize|p1b: Koraidon|Fire
|move|p1a: Shiftry|Fake Out|p2b: Miraidon
|-damage|p2b: Miraidon|91/100
|move|p2a: Whimsicott|Tailwind|p2a: Whimsicott
|-sidestart|p2: anubisjr|move: Tailwind
|cant|p2b: Miraidon|flinch
|move|p1b: Koraidon|Flame Charge|p2a: Whimsicott
|-supereffective|p2a: Whimsicott
|-damage|p2a: Whimsicott|0 fnt
|-boost|p1b: Koraidon|spe|1
|faint|p2a: Whimsicott
|
|-weather|SunnyDay|[upkeep]
|upkeep
|
|t:|1750796822
|switch|p2a: Calyrex|Calyrex-Shadow, L50|100/100
|-ability|p2a: Calyrex|As One
|-ability|p2a: Calyrex|Unnerve
|turn|2
|
|t:|1750796846
|-terastallize|p2b: Miraidon|Fairy
|move|p2a: Calyrex|Astral Barrage|p1a: Shiftry|[spread] p1a,p1b
|-resisted|p1a: Shiftry
|-damage|p1a: Shiftry|55/100
|-damage|p1b: Koraidon|27/100
|-damage|p2a: Calyrex|91/100|[from] item: Life Orb
|move|p2b: Miraidon|Dazzling Gleam|p1b: Koraidon|[spread] p1a,p1b
|-supereffective|p1a: Shiftry
|-resisted|p1b: Koraidon
|-damage|p1a: Shiftry|0 fnt
|-damage|p1b: Koraidon|0 fnt
|faint|p1a: Shiftry
|faint|p1b: Koraidon
|
|-weather|SunnyDay|[upkeep]
|upkeep
|-message|imissclaire forfeited.
|
|win|anubisjr
|raw|imissclaire's rating: 1571 &rarr; <strong>1556</strong><br />(-15 for losing)
|raw|anubisjr's rating: 1657 &rarr; <strong>1672</strong><br />(+15 for winning)
|l|☆imissclaire
|player|p1|
|l|☆anubisjr
|player|p2|
