|j|☆lianxiaonian
|j|☆Luka0320
|t:|1750836707
|gametype|doubles
|player|p1|lianxiaonian|cynthia-gen4|1613
|player|p2|Luka0320|1|1698
|teamsize|p1|6
|teamsize|p2|6
|gen|9
|tier|[Gen 9] VGC 2025 Reg I
|rated|
|rule|Species Clause: Limit one of each Pokémon
|rule|Item Clause: Limit 1 of each item
|clearpoke
|poke|p1|Urshifu-*, L50, M|
|poke|p1|Whimsicott, L50, F|
|poke|p1|Calyrex-Ice, L50|
|poke|p1|Farigiraf, L50, M|
|poke|p1|Miraidon, L50|
|poke|p1|Ditto, L50|
|poke|p2|Miraidon, L50|
|poke|p2|Calyrex-Ice, L50|
|poke|p2|Iron Hands, L50|
|poke|p2|Ogerpon-Hearthflame, L50, F|
|poke|p2|Farigiraf, L50, F|
|poke|p2|Whimsicott, L50, F|
|teampreview|4
|inactive|Battle timer is ON: inactive players will automatically lose when time's up. (requested by lianxiaonian)
|inactive|Luka0320 has 60 seconds left.
|
|t:|1750836756
|start
|switch|p1a: Whimsicott|Whimsicott, L50, F, shiny|100/100
|switch|p1b: Miraidon|Miraidon, L50|100/100
|switch|p2a: Miraidon|Miraidon, L50|100/100
|switch|p2b: Calyrex|Calyrex-Ice, L50|100/100
|-ability|p2b: Calyrex|As One
|-ability|p2b: Calyrex|Unnerve
|-fieldstart|move: Electric Terrain|[from] ability: Hadron Engine|[of] p2a: Miraidon
|-activate|p1b: Miraidon|ability: Hadron Engine
|turn|1
|
|t:|1750836778
|-terastallize|p2a: Miraidon|Fairy
|-terastallize|p1b: Miraidon|Fairy
|move|p2a: Miraidon|Volt Switch|p1a: Whimsicott
|-resisted|p1a: Whimsicott
|-damage|p1a: Whimsicott|35/100
|
|t:|1750836786
|switch|p2a: Ogerpon|Ogerpon-Hearthflame, L50, F|100/100|[from] Volt Switch
|-ability|p2a: Ogerpon|Mold Breaker
|move|p1b: Miraidon|Dazzling Gleam|p2b: Calyrex|[spread] p2a,p2b
|-resisted|p2a: Ogerpon
|-crit|p2a: Ogerpon
|-damage|p2a: Ogerpon|54/100
|-damage|p2b: Calyrex|57/100
|move|p1a: Whimsicott|Moonblast|p2a: Ogerpon
|-resisted|p2a: Ogerpon
|-damage|p2a: Ogerpon|37/100
|-unboost|p2a: Ogerpon|spa|1
|move|p2b: Calyrex|Glacial Lance|p1a: Whimsicott|[spread] p1a,p1b
|-supereffective|p1a: Whimsicott
|-crit|p1b: Miraidon
|-damage|p1a: Whimsicott|0 fnt
|-damage|p1b: Miraidon|10/100
|faint|p1a: Whimsicott
|-ability|p2b: Calyrex|Chilling Neigh|boost
|-boost|p2b: Calyrex|atk|1
|
|upkeep
|inactive|lianxiaonian has 30 seconds left.
|
|t:|1750836816
|switch|p1a: Urshifu|Urshifu, L50, M|100/100
|turn|2
|
|t:|1750836833
|move|p2a: Ogerpon|Follow Me|p2a: Ogerpon
|-singleturn|p2a: Ogerpon|move: Follow Me
|move|p1b: Miraidon|Dazzling Gleam|p2a: Ogerpon|[spread] p2a,p2b
|-resisted|p2a: Ogerpon
|-crit|p2b: Calyrex
|-damage|p2a: Ogerpon|4/100
|-damage|p2b: Calyrex|0 fnt
|faint|p2b: Calyrex
|move|p1a: Urshifu|Wicked Blow|p2a: Ogerpon
|-crit|p2a: Ogerpon
|-damage|p2a: Ogerpon|0 fnt
|faint|p2a: Ogerpon
|
|upkeep
|
|t:|1750836844
|switch|p2a: Whimsicott|Whimsicott, L50, F|100/100
|switch|p2b: Miraidon|Miraidon, L50, tera:Fairy|100/100
|-activate|p2b: Miraidon|ability: Hadron Engine
|turn|3
|
|t:|1750836854
|move|p2b: Miraidon|Electro Drift|p1a: Urshifu
|-damage|p1a: Urshifu|0 fnt
|faint|p1a: Urshifu
|move|p1b: Miraidon|Dazzling Gleam|p2b: Miraidon|[spread] p2a,p2b
|-enditem|p2a: Whimsicott|Focus Sash
|-damage|p2a: Whimsicott|1/100
|-damage|p2b: Miraidon|47/100
|move|p2a: Whimsicott|Moonblast|p1b: Miraidon
|-damage|p1b: Miraidon|0 fnt
|faint|p1b: Miraidon
|
|upkeep
|
|t:|1750836858
|switch|p1b: Calyrex|Calyrex-Ice, L50|100/100
|-ability|p1b: Calyrex|As One
|-ability|p1b: Calyrex|Unnerve
|turn|4
|
|t:|1750836879
|move|p2b: Miraidon|Electro Drift|p1b: Calyrex
|-damage|p1b: Calyrex|24/100
|move|p2a: Whimsicott|Moonblast|p1b: Calyrex
|-damage|p1b: Calyrex|0 fnt
|faint|p1b: Calyrex
|
|win|Luka0320
|raw|lianxiaonian's rating: 1598 &rarr; <strong>1584</strong><br />(-14 for losing)
|raw|Luka0320's rating: 1698 &rarr; <strong>1712</strong><br />(+14 for winning)
|l|☆lianxiaonian
|player|p1|
|l|☆Luka0320
|player|p2|
