|j|☆pkeyko
|j|☆nonpippi
|t:|1750843736
|gametype|doubles
|player|p1|pkeyko|rosa|1209
|player|p2|nonpippi|101|1228
|teamsize|p1|6
|teamsize|p2|6
|gen|9
|tier|[Gen 9] VGC 2025 Reg I
|rated|
|rule|Species Clause: Limit one of each Pokémon
|rule|Item Clause: Limit 1 of each item
|clearpoke
|poke|p1|Kyogre, L50|
|poke|p1|Smeargle, L50, M|
|poke|p1|Calyrex-Ice, L50|
|poke|p1|Indeedee, L50, M|
|poke|p1|Gallade, L50, M|
|poke|p1|Kingambit, L50, F|
|poke|p2|Grimmsnarl, L50, M|
|poke|p2|Landorus, L50, M|
|poke|p2|Miraidon, L50|
|poke|p2|Calyrex-Ice, L50|
|poke|p2|Urshifu-*, L50, F|
|poke|p2|Iron Hands, L50|
|teampreview|4
|inactive|Battle timer is ON: inactive players will automatically lose when time's up. (requested by pkeyko)
|inactive|nonpippi has 60 seconds left.
|
|t:|1750843811
|start
|switch|p1a: Kyogre|Kyogre, L50|100/100
|switch|p1b: Indeedee|Indeedee, L50, M|100/100
|switch|p2a: Calyrex|Calyrex-Ice, L50|100/100
|switch|p2b: Iron Hands|Iron Hands, L50|100/100
|-ability|p2a: Calyrex|As One
|-ability|p2a: Calyrex|Unnerve
|-fieldstart|move: Psychic Terrain|[from] ability: Psychic Surge|[of] p1b: Indeedee
|-weather|RainDance|[from] ability: Drizzle|[of] p1a: Kyogre
|turn|1
|
|t:|1750843833
|switch|p2a: Miraidon|Miraidon, L50|100/100
|-fieldstart|move: Electric Terrain|[from] ability: Hadron Engine|[of] p2a: Miraidon
|-activate|p2b: Iron Hands|ability: Quark Drive
|-start|p2b: Iron Hands|quarkdriveatk
|-terastallize|p1a: Kyogre|Water
|move|p1b: Indeedee|Expanding Force|p2b: Iron Hands
|-supereffective|p2b: Iron Hands
|-damage|p2b: Iron Hands|63/100
|move|p1a: Kyogre|Water Spout|p2b: Iron Hands|[spread] p2a,p2b
|-resisted|p2a: Miraidon
|-damage|p2a: Miraidon|14/100
|-damage|p2b: Iron Hands|0 fnt
|faint|p2b: Iron Hands
|-end|p2b: Iron Hands|Quark Drive|[silent]
|
|-weather|RainDance|[upkeep]
|upkeep
|
|t:|1750843852
|switch|p2b: Urshifu|Urshifu-Rapid-Strike, L50, F|100/100
|turn|2
|
|t:|1750843860
|switch|p1b: Gallade|Gallade, L50, M|100/100
|switch|p1a: Calyrex|Calyrex-Ice, L50|100/100
|-ability|p1a: Calyrex|As One
|-ability|p1a: Calyrex|Unnerve
|move|p2a: Miraidon|Electro Drift|p1a: Calyrex
|-damage|p1a: Calyrex|28/100
|move|p2b: Urshifu|Surging Strikes|p1b: Gallade
|-crit|p1b: Gallade
|-damage|p1b: Gallade|46/100
|-crit|p1b: Gallade
|-damage|p1b: Gallade|0 fnt
|faint|p1b: Gallade
|-hitcount|p1: Gallade|2
|
|-weather|RainDance|[upkeep]
|upkeep
|
|t:|1750843875
|switch|p1b: Indeedee|Indeedee, L50, M|100/100
|-fieldstart|move: Psychic Terrain|[from] ability: Psychic Surge|[of] p1b: Indeedee
|turn|3
|
|t:|1750843889
|-terastallize|p2b: Urshifu|Water
|move|p2a: Miraidon|Electro Drift|p1a: Calyrex
|-damage|p1a: Calyrex|0 fnt
|faint|p1a: Calyrex
|move|p1b: Indeedee|Expanding Force|p2b: Urshifu|[spread] p2a,p2b
|-damage|p2a: Miraidon|0 fnt
|-damage|p2b: Urshifu|27/100
|faint|p2a: Miraidon
|move|p2b: Urshifu|Surging Strikes|p1b: Indeedee
|-crit|p1b: Indeedee
|-damage|p1b: Indeedee|21/100
|-crit|p1b: Indeedee
|-damage|p1b: Indeedee|0 fnt
|faint|p1b: Indeedee
|-hitcount|p1: Indeedee|2
|
|-weather|RainDance|[upkeep]
|upkeep
|
|t:|1750843906
|switch|p2a: Calyrex|Calyrex-Ice, L50|100/100
|switch|p1b: Kyogre|Kyogre, L50, tera:Water|100/100
|-ability|p2a: Calyrex|As One
|-ability|p2a: Calyrex|Unnerve
|turn|4
|inactive|nonpippi has 30 seconds left.
|
|t:|1750843935
|move|p2b: Urshifu|Close Combat|p1b: Kyogre
|-damage|p1b: Kyogre|40/100
|-unboost|p2b: Urshifu|def|1
|-unboost|p2b: Urshifu|spd|1
|move|p2a: Calyrex|High Horsepower|p1b: Kyogre
|-damage|p1b: Kyogre|0 fnt
|faint|p1b: Kyogre
|
|win|nonpippi
|raw|pkeyko's rating: 1209 &rarr; <strong>1185</strong><br />(-24 for losing)
|raw|nonpippi's rating: 1228 &rarr; <strong>1252</strong><br />(+24 for winning)
|l|☆nonpippi
|player|p2|
