|j|☆IsayHi2UyeetVGC
|j|☆Pastor/Sinner
|t:|1750824196
|gametype|doubles
|player|p1|IsayHi2UyeetVGC|benga|1177
|player|p2|Pastor/Sinner|170|1102
|teamsize|p1|6
|teamsize|p2|6
|gen|9
|tier|[Gen 9] VGC 2025 Reg I
|rated|
|rule|Species Clause: Limit one of each Pokémon
|rule|Item Clause: Limit 1 of each item
|clearpoke
|poke|p1|Koraidon, L50|
|poke|p1|Jumpluff, L50, F|
|poke|p1|Venusaur, L50, F|
|poke|p1|Calyrex-Shadow, L50|
|poke|p1|Indeedee-F, L50, F|
|poke|p1|Armarouge, L50, F|
|poke|p2|Koraidon, L50|
|poke|p2|Scovillain, L50, M|
|poke|p2|Hariyama, L50, M|
|poke|p2|Cinccino, L50, F|
|poke|p2|Miraidon, L50|
|poke|p2|Suicune, L50|
|teampreview|4
|inactive|Battle timer is ON: inactive players will automatically lose when time's up. (requested by IsayHi2UyeetVGC)
|inactive|Pastor/Sinner has 60 seconds left.
|
|t:|1750824228
|start
|switch|p1a: Koraidon|Koraidon, L50|100/100
|switch|p1b: Venusaur|Venusaur, L50, F|100/100
|switch|p2a: Koraidon|Koraidon, L50|100/100
|switch|p2b: Miraidon|Miraidon, L50|100/100
|-fieldstart|move: Electric Terrain|[from] ability: Hadron Engine|[of] p2b: Miraidon
|-weather|SunnyDay|[from] ability: Orichalcum Pulse|[of] p1a: Koraidon
|-activate|p1a: Koraidon|Orichalcum Pulse|[source]
|-activate|p2a: Koraidon|ability: Orichalcum Pulse
|turn|1
|inactive|IsayHi2UyeetVGC has 30 seconds left.
|
|t:|1750824260
|move|p2b: Miraidon|Volt Switch|p1b: Venusaur
|-resisted|p1b: Venusaur
|-damage|p1b: Venusaur|56/100
|
|t:|1750824264
|switch|p2b: Scovillain|Scovillain, L50, M, shiny|100/100|[from] Volt Switch
|move|p1b: Venusaur|Sleep Powder|p2a: Koraidon|[miss]
|-miss|p1b: Venusaur|p2a: Koraidon
|move|p1a: Koraidon|Close Combat|p2b: Scovillain
|-enditem|p2b: Scovillain|Focus Sash
|-damage|p2b: Scovillain|1/100
|-unboost|p1a: Koraidon|def|1
|-unboost|p1a: Koraidon|spd|1
|move|p2a: Koraidon|Flame Charge|p1b: Venusaur
|-supereffective|p1b: Venusaur
|-damage|p1b: Venusaur|0 fnt
|-boost|p2a: Koraidon|spe|1
|faint|p1b: Venusaur
|
|-weather|SunnyDay|[upkeep]
|upkeep
|
|t:|1750824276
|switch|p1b: Calyrex|Calyrex-Shadow, L50|100/100
|-ability|p1b: Calyrex|As One
|-ability|p1b: Calyrex|Unnerve
|turn|2
|
|t:|1750824291
|move|p1a: Koraidon|Protect|p1a: Koraidon
|-singleturn|p1a: Koraidon|Protect
|move|p2b: Scovillain|Spicy Extract|p2a: Koraidon
|-fail|p2a: Koraidon|unboost|[from] item: Clear Amulet|[of] p2a: Koraidon
|-boost|p2a: Koraidon|atk|2
|move|p2a: Koraidon|Flare Blitz|p1b: Calyrex
|-enditem|p1b: Calyrex|Focus Sash
|-damage|p1b: Calyrex|1/100
|-damage|p2a: Koraidon|68/100|[from] Recoil
|move|p1b: Calyrex|Astral Barrage|p2a: Koraidon|[spread] p2a,p2b
|-damage|p2a: Koraidon|22/100
|-damage|p2b: Scovillain|0 fnt
|faint|p2b: Scovillain
|-ability|p1b: Calyrex|Grim Neigh|boost
|-boost|p1b: Calyrex|spa|1
|
|-weather|SunnyDay|[upkeep]
|upkeep
|
|t:|1750824312
|switch|p2b: Miraidon|Miraidon, L50|100/100
|-activate|p2b: Miraidon|ability: Hadron Engine
|turn|3
|
|t:|1750824328
|switch|p1a: Armarouge|Armarouge, L50, F|100/100
|move|p2b: Miraidon|Dazzling Gleam|p1b: Calyrex|[spread] p1a,p1b
|-resisted|p1a: Armarouge
|-damage|p1a: Armarouge|80/100
|-damage|p1b: Calyrex|0 fnt
|faint|p1b: Calyrex
|move|p2a: Koraidon|Drain Punch|p1a: Armarouge
|-resisted|p1a: Armarouge
|-damage|p1a: Armarouge|20/100
|-heal|p2a: Koraidon|49/100|[from] drain|[of] p1a: Armarouge
|
|-weather|SunnyDay|[upkeep]
|upkeep
|
|t:|1750824329
|switch|p1b: Koraidon|Koraidon, L50|100/100
|-activate|p1b: Koraidon|ability: Orichalcum Pulse
|turn|4
|
|t:|1750824349
|-terastallize|p1b: Koraidon|Fire
|move|p2b: Miraidon|Dazzling Gleam|p1a: Armarouge|[spread] p1a,p1b
|-resisted|p1a: Armarouge
|-resisted|p1b: Koraidon
|-damage|p1a: Armarouge|0 fnt
|-damage|p1b: Koraidon|85/100
|faint|p1a: Armarouge
|move|p2a: Koraidon|Drain Punch|p1b: Koraidon
|-damage|p1b: Koraidon|0 fnt
|-heal|p2a: Koraidon|91/100|[from] drain|[of] p1b: Koraidon
|faint|p1b: Koraidon
|
|win|Pastor/Sinner
|raw|IsayHi2UyeetVGC's rating: 1177 &rarr; <strong>1147</strong><br />(-30 for losing)
|raw|Pastor&#x2f;Sinner's rating: 1102 &rarr; <strong>1132</strong><br />(+30 for winning)
