|j|☆opoo8okkop
|j|☆bogan7595
|t:|1750729115
|gametype|doubles
|player|p1|opoo8okkop|1|1179
|player|p2|bogan7595|nate|1117
|teamsize|p1|6
|teamsize|p2|6
|gen|9
|tier|[Gen 9] VGC 2025 Reg I
|rated|
|rule|Species Clause: Limit one of each Pokémon
|rule|Item Clause: Limit 1 of each item
|clearpoke
|poke|p1|Groudon, L50|
|poke|p1|Rillaboom, L50, M|
|poke|p1|Calyrex-Shadow, L50|
|poke|p1|Murkrow, L50, F|
|poke|p1|Incineroar, L50, M|
|poke|p1|Chi-Yu, L50|
|poke|p2|Braviary-Hisui, L50, M|
|poke|p2|Flamigo, L50, M|
|poke|p2|Electabuzz, L50, F|
|poke|p2|Kyogre, L50|
|poke|p2|Incineroar, L50, M|
|poke|p2|Kingdra, L50, F|
|teampreview|4
|
|t:|1750729144
|start
|switch|p1a: Incineroar|Incineroar, L50, M|100/100
|switch|p1b: Rillaboom|Rillaboom, L50, M|100/100
|switch|p2a: Electabuzz|Electabuzz, L50, F|100/100
|switch|p2b: Kyogre|Kyogre, L50|100/100
|-weather|RainDance|[from] ability: Drizzle|[of] p2b: Kyogre
|-fieldstart|move: Grassy Terrain|[from] ability: Grassy Surge|[of] p1b: Rillaboom
|-ability|p1a: Incineroar|Intimidate|boost
|-unboost|p2a: Electabuzz|atk|1
|-unboost|p2b: Kyogre|atk|1
|turn|1
|
|t:|1750729164
|switch|p2b: Incineroar|Incineroar, L50, M|100/100
|-ability|p2b: Incineroar|Intimidate|boost
|-unboost|p1a: Incineroar|atk|1
|-unboost|p1b: Rillaboom|atk|1
|move|p1a: Incineroar|Fake Out|p2a: Electabuzz
|-damage|p2a: Electabuzz|90/100
|move|p1b: Rillaboom|Grassy Glide|p2b: Incineroar
|-resisted|p2b: Incineroar
|-damage|p2b: Incineroar|88/100
|cant|p2a: Electabuzz|flinch
|
|-weather|RainDance|[upkeep]
|-heal|p2a: Electabuzz|96/100|[from] Grassy Terrain
|-heal|p2b: Incineroar|94/100|[from] Grassy Terrain
|upkeep
|turn|2
|
|t:|1750729185
|move|p2a: Electabuzz|Follow Me|p2a: Electabuzz
|-singleturn|p2a: Electabuzz|move: Follow Me
|move|p1b: Rillaboom|High Horsepower|p2a: Electabuzz
|-supereffective|p2a: Electabuzz
|-damage|p2a: Electabuzz|46/100
|move|p2b: Incineroar|Parting Shot|p1a: Incineroar
|-unboost|p1a: Incineroar|atk|1
|-unboost|p1a: Incineroar|spa|1
|
|t:|1750729193
|switch|p2b: Braviary|Braviary-Hisui, L50, M|100/100|[from] Parting Shot
|move|p1a: Incineroar|Parting Shot|p2a: Electabuzz
|-unboost|p2a: Electabuzz|atk|1
|-unboost|p2a: Electabuzz|spa|1
|
|t:|1750729202
|switch|p1a: Calyrex|Calyrex-Shadow, L50|100/100|[from] Parting Shot
|-ability|p1a: Calyrex|As One
|-ability|p1a: Calyrex|Unnerve
|
|-weather|RainDance|[upkeep]
|-heal|p2a: Electabuzz|52/100|[from] Grassy Terrain
|upkeep
|turn|3
|
|t:|1750729219
|switch|p1b: Incineroar|Incineroar, L50, M|100/100
|-ability|p1b: Incineroar|Intimidate|boost
|-unboost|p2a: Electabuzz|atk|1
|-unboost|p2b: Braviary|atk|1
|move|p2a: Electabuzz|Helping Hand|p2b: Braviary
|-singleturn|p2b: Braviary|Helping Hand|[of] p2a: Electabuzz
|move|p1a: Calyrex|Astral Barrage|p2a: Electabuzz|[spread] p2a,p2b
|-supereffective|p2b: Braviary
|-damage|p2a: Electabuzz|0 fnt
|-damage|p2b: Braviary|0 fnt
|faint|p2a: Electabuzz
|faint|p2b: Braviary
|-ability|p1a: Calyrex|Grim Neigh|boost
|-boost|p1a: Calyrex|spa|2
|-damage|p1a: Calyrex|91/100|[from] item: Life Orb
|
|-weather|RainDance|[upkeep]
|-heal|p1a: Calyrex|97/100|[from] Grassy Terrain
|upkeep
|
|t:|1750729235
|switch|p2a: Kyogre|Kyogre, L50|100/100
|switch|p2b: Incineroar|Incineroar, L50, M|94/100
|-ability|p2b: Incineroar|Intimidate|boost
|-unboost|p1a: Calyrex|atk|1
|-unboost|p1b: Incineroar|atk|1
|turn|4
|
|t:|1750729259
|move|p1b: Incineroar|Fake Out|p2a: Kyogre
|-damage|p2a: Kyogre|91/100
|move|p1a: Calyrex|Astral Barrage|p2b: Incineroar|[spread] p2a,p2b
|-resisted|p2b: Incineroar
|-damage|p2a: Kyogre|0 fnt
|-damage|p2b: Incineroar|39/100
|faint|p2a: Kyogre
|-ability|p1a: Calyrex|Grim Neigh|boost
|-boost|p1a: Calyrex|spa|1
|-damage|p1a: Calyrex|87/100|[from] item: Life Orb
|move|p2b: Incineroar|Knock Off|p1a: Calyrex
|-supereffective|p1a: Calyrex
|-damage|p1a: Calyrex|0 fnt
|-enditem|p1a: Calyrex|Life Orb|[from] move: Knock Off|[of] p2b: Incineroar
|faint|p1a: Calyrex
|
|-weather|RainDance|[upkeep]
|-heal|p2b: Incineroar|45/100|[from] Grassy Terrain
|upkeep
|-message|bogan7595 forfeited.
|
|win|opoo8okkop
|raw|opoo8okkop's rating: 1179 &rarr; <strong>1200</strong><br />(+21 for winning)
|raw|bogan7595's rating: 1117 &rarr; <strong>1096</strong><br />(-21 for losing)
|l|☆bogan7595
|player|p2|
|l|☆opoo8okkop
|player|p1|
