|j|☆Mameon
|j|☆Esh009
|t:|1750839074
|gametype|doubles
|player|p1|Mameon|red|1217
|player|p2|Esh009|bruno|1219
|teamsize|p1|6
|teamsize|p2|6
|gen|9
|tier|[Gen 9] VGC 2025 Reg I
|rated|
|rule|Species Clause: Limit one of each Pokémon
|rule|Item Clause: Limit 1 of each item
|clearpoke
|poke|p1|Calyrex-Ice, L50|
|poke|p1|Scraggy, L50, F|
|poke|p1|Miraidon, L50|
|poke|p1|Farigiraf, L50, F|
|poke|p1|Iron Treads, L50|
|poke|p1|Iron Hands, L50|
|poke|p2|Calyrex-Shadow, L50|
|poke|p2|Terapagos, L50, M|
|poke|p2|Rillaboom, L50, M|
|poke|p2|Incineroar, L50, M|
|poke|p2|Urshifu-*, L50, M|
|poke|p2|Ogerpon-Cornerstone, L50, F|
|teampreview|4
|inactive|Battle timer is ON: inactive players will automatically lose when time's up. (requested by Esh009)
|
|t:|1750839103
|start
|switch|p1a: Calyrex|Calyrex-Ice, L50|100/100
|switch|p1b: Scraggy|Scraggy, L50, F|100/100
|switch|p2a: Incineroar|Incineroar, L50, M|100/100
|switch|p2b: Terapagos|Terapagos, L50, M|100/100
|-activate|p2b: Terapagos|ability: Tera Shift
|detailschange|p2b: Terapagos|Terapagos-Terastal, L50, M
|-heal|p2b: Terapagos|100/100|[silent]
|-ability|p1a: Calyrex|As One
|-ability|p1a: Calyrex|Unnerve
|-ability|p2a: Incineroar|Intimidate|boost
|-fail|p1a: Calyrex|unboost|[from] item: Clear Amulet|[of] p1a: Calyrex
|-unboost|p1b: Scraggy|atk|1
|-ability|p1b: Scraggy|Intimidate|boost
|-unboost|p2a: Incineroar|atk|1
|-unboost|p2b: Terapagos|atk|1
|turn|1
|inactive|Mameon has 30 seconds left.
|inactive|Esh009 has 30 seconds left.
|inactive|Mameon has 20 seconds left.
|inactive|Esh009 has 20 seconds left.
|
|t:|1750839140
|move|p1b: Scraggy|Fake Out|p2a: Incineroar
|-damage|p2a: Incineroar|96/100
|-damage|p1b: Scraggy|84/100|[from] item: Rocky Helmet|[of] p2a: Incineroar
|move|p2b: Terapagos|Calm Mind|p2b: Terapagos
|-boost|p2b: Terapagos|spa|1
|-boost|p2b: Terapagos|spd|1
|cant|p2a: Incineroar|flinch
|move|p1a: Calyrex|Trick Room|p1a: Calyrex
|-fieldstart|move: Trick Room|[of] p1a: Calyrex
|
|upkeep
|turn|2
|
|t:|1750839164
|move|p1a: Calyrex|Protect|p1a: Calyrex
|-singleturn|p1a: Calyrex|Protect
|move|p2b: Terapagos|Protect|p2b: Terapagos
|-singleturn|p2b: Terapagos|Protect
|move|p1b: Scraggy|Coaching|p1a: Calyrex
|-boost|p1a: Calyrex|atk|1
|-boost|p1a: Calyrex|def|1
|move|p2a: Incineroar|Flare Blitz|p1a: Calyrex
|-activate|p1a: Calyrex|move: Protect
|
|upkeep
|turn|3
|inactive|Mameon has 30 seconds left.
|
|t:|1750839190
|-terastallize|p1a: Calyrex|Fire
|move|p1b: Scraggy|Coaching|p1a: Calyrex
|-boost|p1a: Calyrex|atk|1
|-boost|p1a: Calyrex|def|1
|move|p1a: Calyrex|High Horsepower|p2a: Incineroar
|-supereffective|p2a: Incineroar
|-damage|p2a: Incineroar|0 fnt
|-damage|p1a: Calyrex|84/100|[from] item: Rocky Helmet|[of] p2a: Incineroar
|faint|p2a: Incineroar
|-ability|p1a: Calyrex|Chilling Neigh|boost
|-boost|p1a: Calyrex|atk|1
|move|p2b: Terapagos|Tera Starstorm|p1b: Scraggy
|-crit|p1b: Scraggy
|-damage|p1b: Scraggy|0 fnt
|faint|p1b: Scraggy
|
|upkeep
|-message|Esh009 forfeited.
|
|win|Mameon
|raw|Mameon's rating: 1217 &rarr; <strong>1242</strong><br />(+25 for winning)
|raw|Esh009's rating: 1219 &rarr; <strong>1194</strong><br />(-25 for losing)
|l|☆Esh009
|player|p2|
