|j|☆nhatchauiutraam
|j|☆JI_15
|t:|1750824414
|gametype|doubles
|player|p1|nhatchauiutraam|101|1225
|player|p2|JI_15|ethan|1332
|teamsize|p1|6
|teamsize|p2|6
|gen|9
|tier|[Gen 9] VGC 2025 Reg I
|rated|
|rule|Species Clause: Limit one of each Pokémon
|rule|Item Clause: Limit 1 of each item
|clearpoke
|poke|p1|Miraidon, L50|
|poke|p1|Calyrex-Shadow, L50|
|poke|p1|Landorus, L50, M|
|poke|p1|Urshifu-*, L50, M|
|poke|p1|Incineroar, L50, M|
|poke|p1|Kingambit, L50, F|
|poke|p2|Miraidon, L50|
|poke|p2|Ho-Oh, L50|
|poke|p2|Grimmsnarl, L50, M|
|poke|p2|Urshifu-*, L50, F|
|poke|p2|Farigiraf, L50, F|
|poke|p2|Iron Hands, L50|
|teampreview|4
JI_15 has agreed to open team sheets.
|
|t:|1750824456
|start
|switch|p1a: Landorus|Landorus, L50, M|100/100
|switch|p1b: Miraidon|Miraidon, L50|100/100
|switch|p2a: Miraidon|Miraidon, L50|100/100
|switch|p2b: Grimmsnarl|Grimmsnarl, L50, M|100/100
|-fieldstart|move: Electric Terrain|[from] ability: Hadron Engine|[of] p2a: Miraidon
|-activate|p1b: Miraidon|ability: Hadron Engine
|turn|1
|inactive|Battle timer is ON: inactive players will automatically lose when time's up. (requested by nhatchauiutraam)
|
|t:|1750824486
|move|p2b: Grimmsnarl|Light Screen|p2b: Grimmsnarl
|-sidestart|p2: JI_15|move: Light Screen
|move|p2a: Miraidon|Volt Switch|p1b: Miraidon
|-resisted|p1b: Miraidon
|-damage|p1b: Miraidon|77/100
|
|t:|1750824491
|switch|p2a: Iron Hands|Iron Hands, L50|100/100|[from] Volt Switch
|-activate|p2a: Iron Hands|ability: Quark Drive
|-start|p2a: Iron Hands|quarkdriveatk
|move|p1b: Miraidon|Volt Switch|p2a: Iron Hands
|-resisted|p2a: Iron Hands
|-damage|p2a: Iron Hands|82/100
|
|t:|1750824500
|switch|p1b: Calyrex|Calyrex-Shadow, L50|100/100|[from] Volt Switch
|-ability|p1b: Calyrex|As One
|-ability|p1b: Calyrex|Unnerve
|move|p1a: Landorus|Sandsear Storm|p2a: Iron Hands|[spread] p2a,p2b
|-supereffective|p2a: Iron Hands
|-damage|p2a: Iron Hands|40/100
|-damage|p2b: Grimmsnarl|59/100
|
|upkeep
|turn|2
|
|t:|1750824520
|move|p1a: Landorus|Protect|p1a: Landorus
|-singleturn|p1a: Landorus|Protect
|move|p2a: Iron Hands|Fake Out|p1a: Landorus
|-activate|p1a: Landorus|move: Protect
|move|p2b: Grimmsnarl|Thunder Wave|p1b: Calyrex
|-status|p1b: Calyrex|par
|move|p1b: Calyrex|Nasty Plot|p1b: Calyrex
|-boost|p1b: Calyrex|spa|2
|
|upkeep
|turn|3
|inactive|JI_15 has 30 seconds left.
|
|t:|1750824552
|move|p1a: Landorus|Sandsear Storm|p2b: Grimmsnarl|[spread] p2a,p2b
|-supereffective|p2a: Iron Hands
|-damage|p2a: Iron Hands|0 fnt
|-damage|p2b: Grimmsnarl|17/100
|faint|p2a: Iron Hands
|-end|p2a: Iron Hands|Quark Drive|[silent]
|move|p1b: Calyrex|Astral Barrage|p2b: Grimmsnarl
|-resisted|p2b: Grimmsnarl
|-damage|p2b: Grimmsnarl|0 fnt
|faint|p2b: Grimmsnarl
|-ability|p1b: Calyrex|Grim Neigh|boost
|-boost|p1b: Calyrex|spa|1
|
|upkeep
|
|t:|1750824563
|switch|p2a: Urshifu|Urshifu, L50, F|100/100
|switch|p2b: Miraidon|Miraidon, L50|100/100
|-activate|p2b: Miraidon|ability: Hadron Engine
|turn|4
|
|t:|1750824585
|-terastallize|p1b: Calyrex|Normal
|move|p2a: Urshifu|Sucker Punch|p1b: Calyrex
|-damage|p1b: Calyrex|55/100 par
|move|p2b: Miraidon|Dazzling Gleam|p1b: Calyrex|[spread] p1a,p1b
|-damage|p1a: Landorus|47/100
|-damage|p1b: Calyrex|11/100 par
|move|p1a: Landorus|Sandsear Storm|p2a: Urshifu|[spread] p2a,p2b
|-supereffective|p2b: Miraidon
|-damage|p2a: Urshifu|38/100
|-damage|p2b: Miraidon|28/100
|move|p1b: Calyrex|Astral Barrage|p2b: Miraidon|[spread] p2a,p2b
|-resisted|p2a: Urshifu
|-damage|p2a: Urshifu|0 fnt
|-damage|p2b: Miraidon|0 fnt
|faint|p2a: Urshifu
|faint|p2b: Miraidon
|
|win|nhatchauiutraam
|raw|nhatchauiutraam's rating: 1225 &rarr; <strong>1257</strong><br />(+32 for winning)
|raw|JI_15's rating: 1332 &rarr; <strong>1306</strong><br />(-26 for losing)
|l|☆nhatchauiutraam
|player|p1|
|l|☆JI_15
|player|p2|
