|j|☆anubisjr
|j|☆SolVGC14
|t:|1750790508
|gametype|doubles
|player|p1|anubisjr|265|1620
|player|p2|SolVGC14|hilbert|1597
|teamsize|p1|6
|teamsize|p2|6
|gen|9
|tier|[Gen 9] VGC 2025 Reg I
|rated|
|rule|Species Clause: Limit one of each Pokémon
|rule|Item Clause: Limit 1 of each item
|clearpoke
|poke|p1|Calyrex-Shadow, L50|
|poke|p1|Miraidon, L50|
|poke|p1|Whimsicott, L50, F|
|poke|p1|Iron Treads, L50|
|poke|p1|Urshifu-*, L50, F|
|poke|p1|Iron Hands, L50|
|poke|p2|Iron Bundle, L50|
|poke|p2|Miraidon, L50|
|poke|p2|Incineroar, L50, M|
|poke|p2|Zacian-*, L50|
|poke|p2|Araquanid, L50, M|
|poke|p2|Zoroark-Hisui, L50, M|
|teampreview|4
|
|t:|1750790546
|start
|switch|p1a: Whimsicott|Whimsicott, L50, F|100/100
|switch|p1b: Miraidon|Miraidon, L50|100/100
|switch|p2a: Iron Bundle|Iron Bundle, L50|100/100
|switch|p2b: Miraidon|Miraidon, L50|100/100
|-fieldstart|move: Electric Terrain|[from] ability: Hadron Engine|[of] p1b: Miraidon
|-activate|p2a: Iron Bundle|ability: Quark Drive
|-start|p2a: Iron Bundle|quarkdrivespe
|-activate|p2b: Miraidon|ability: Hadron Engine
|turn|1
|
|t:|1750790570
|switch|p2b: Zacian|Zacian-Crowned, L50|100/100
|-ability|p2b: Zacian|Intrepid Sword|boost
|-boost|p2b: Zacian|atk|1
|move|p1a: Whimsicott|Tailwind|p1a: Whimsicott
|-sidestart|p1: anubisjr|move: Tailwind
|move|p1b: Miraidon|Volt Switch|p2b: Zacian
|-damage|p2b: Zacian|18/100
|
|t:|1750790581
|switch|p1b: Iron Treads|Iron Treads, L50|100/100|[from] Volt Switch
|-activate|p1b: Iron Treads|ability: Quark Drive
|-start|p1b: Iron Treads|quarkdrivespe
|move|p2a: Iron Bundle|Icy Wind|p1b: Iron Treads|[spread] p1a,p1b
|-supereffective|p1a: Whimsicott
|-damage|p1a: Whimsicott|42/100
|-damage|p1b: Iron Treads|71/100
|
|upkeep
|turn|2
|
|t:|1750790609
|switch|p2b: Miraidon|Miraidon, L50|100/100
|-activate|p2b: Miraidon|ability: Hadron Engine
|move|p1b: Iron Treads|High Horsepower|p2b: Miraidon
|-supereffective|p2b: Miraidon
|-damage|p2b: Miraidon|19/100
|move|p1a: Whimsicott|Moonblast|p2a: Iron Bundle
|-damage|p2a: Iron Bundle|49/100
|-unboost|p2a: Iron Bundle|spa|1
|move|p2a: Iron Bundle|Icy Wind|p1a: Whimsicott|[spread] p1a,p1b
|-supereffective|p1a: Whimsicott
|-damage|p1a: Whimsicott|2/100
|-damage|p1b: Iron Treads|51/100
|
|upkeep
|turn|3
|
|t:|1750790645
|move|p1b: Iron Treads|High Horsepower|p2b: Miraidon
|-supereffective|p2b: Miraidon
|-damage|p2b: Miraidon|0 fnt
|faint|p2b: Miraidon
|move|p1a: Whimsicott|Moonblast|p2a: Iron Bundle
|-damage|p2a: Iron Bundle|0 fnt
|faint|p2a: Iron Bundle
|-end|p2a: Iron Bundle|Quark Drive|[silent]
|
|upkeep
|-message|SolVGC14 forfeited.
|
|win|anubisjr
|raw|anubisjr's rating: 1620 &rarr; <strong>1639</strong><br />(+19 for winning)
|raw|SolVGC14's rating: 1597 &rarr; <strong>1578</strong><br />(-19 for losing)
|l|☆SolVGC14
|player|p2|
