|j|☆Jmariowo
|j|☆pom321321321
|t:|1750831961
|gametype|doubles
|player|p1|Jmariowo|iono|1554
|player|p2|pom321321321|wattson|1549
|teamsize|p1|6
|teamsize|p2|6
|gen|9
|tier|[Gen 9] VGC 2025 Reg I
|rated|
|rule|Species Clause: Limit one of each Pokémon
|rule|Item Clause: Limit 1 of each item
|clearpoke
|poke|p1|Lunala, L50|
|poke|p1|Zamazenta-*, L50|
|poke|p1|Ogerpon-Hearthflame, L50, F|
|poke|p1|Rillaboom, L50, M|
|poke|p1|Chien-Pao, L50|
|poke|p1|Thundurus, L50, M|
|poke|p2|Lunala, L50|
|poke|p2|Groudon, L50|
|poke|p2|Iron Valiant, L50|
|poke|p2|Sableye, L50, M|
|poke|p2|Incineroar, L50, F|
|poke|p2|Rillaboom, L50, F|
|teampreview|4
|inactive|Battle timer is ON: inactive players will automatically lose when time's up. (requested by pom321321321)
|inactive|Jmariowo has 60 seconds left.
|inactive|pom321321321 has 60 seconds left.
|
|t:|1750832010
|start
|switch|p1a: Lunala|Lunala, L50|100/100
|switch|p1b: Rillaboom|Rillaboom, L50, M|100/100
|switch|p2a: Iron Valiant|Iron Valiant, L50|100/100
|switch|p2b: Sableye|Sableye, L50, M|100/100
|-fieldstart|move: Grassy Terrain|[from] ability: Grassy Surge|[of] p1b: Rillaboom
|-enditem|p2a: Iron Valiant|Booster Energy
|-activate|p2a: Iron Valiant|ability: Quark Drive|[fromitem]
|-start|p2a: Iron Valiant|quarkdrivespe
|turn|1
|inactive|pom321321321 has 30 seconds left.
|inactive|pom321321321 has 20 seconds left.
|inactive|pom321321321 has 15 seconds left.
|inactive|pom321321321 has 10 seconds left.
|inactive|pom321321321 has 5 seconds left.
|l|☆pom321321321
|inactive|pom321321321 disconnected and has a minute to reconnect!
|player|p2|
|-message|pom321321321 lost due to inactivity.
|
|win|Jmariowo
|raw|Jmariowo's rating: 1554 &rarr; <strong>1574</strong><br />(+20 for winning)
|raw|pom321321321's rating: 1549 &rarr; <strong>1529</strong><br />(-20 for losing)
|l|☆Jmariowo
|player|p1|
|j|☆pom321321321
|player|p2|pom321321321|wattson|
|l|☆pom321321321
|player|p2|
|j|☆pom321321321
|player|p2|pom321321321|wattson|
|l|☆pom321321321
|player|p2|
