|j|☆Snowbell1803
|j|☆Qaiseasy
|t:|1750852936
|gametype|doubles
|player|p1|Snowbell1803|169|1143
|player|p2|Qaiseasy|169|1052
|teamsize|p1|6
|teamsize|p2|6
|gen|9
|tier|[Gen 9] VGC 2025 Reg I
|rated|
|rule|Species Clause: Limit one of each Pokémon
|rule|Item Clause: Limit 1 of each item
|clearpoke
|poke|p1|Calyrex-Shadow, L50|
|poke|p1|Miraidon, L50|
|poke|p1|Grimmsnarl, L50, M|
|poke|p1|Tornadus, L50, M|
|poke|p1|Incineroar, L50, F|
|poke|p1|Ogerpon-Wellspring, L50, F|
|poke|p2|Calyrex-Ice, L50|
|poke|p2|Miraidon, L50|
|poke|p2|Incineroar, L50, F|
|poke|p2|Urshifu-*, L50, M|
|poke|p2|Ursaluna, L50, M|
|poke|p2|Pelipper, L50, M|
|teampreview|4
|inactive|Battle timer is ON: inactive players will automatically lose when time's up. (requested by Snowbell1803)
|
|t:|1750852968
|start
|switch|p1a: Grimmsnarl|Grimmsnarl, L50, M|100/100
|switch|p1b: Miraidon|Miraidon, L50|100/100
|switch|p2a: Pelipper|Pelipper, L50, M|100/100
|switch|p2b: Calyrex|Calyrex-Ice, L50|100/100
|-ability|p2b: Calyrex|As One
|-ability|p2b: Calyrex|Unnerve
|-fieldstart|move: Electric Terrain|[from] ability: Hadron Engine|[of] p1b: Miraidon
|-weather|RainDance|[from] ability: Drizzle|[of] p2a: Pelipper
|turn|1
|
|t:|1750852987
|move|p2a: Pelipper|Helping Hand|p2b: Calyrex
|-singleturn|p2b: Calyrex|Helping Hand|[of] p2a: Pelipper
|move|p1a: Grimmsnarl|Taunt|p2b: Calyrex
|-start|p2b: Calyrex|move: Taunt
|move|p1b: Miraidon|Electro Drift|p2a: Pelipper
|-supereffective|p2a: Pelipper
|-enditem|p2a: Pelipper|Focus Sash
|-damage|p2a: Pelipper|1/100
|move|p2b: Calyrex|Glacial Lance|p1b: Miraidon|[spread] p1a,p1b
|-supereffective|p1b: Miraidon
|-damage|p1a: Grimmsnarl|0 fnt
|-damage|p1b: Miraidon|0 fnt
|faint|p1a: Grimmsnarl
|faint|p1b: Miraidon
|-ability|p2b: Calyrex|Chilling Neigh|boost
|-boost|p2b: Calyrex|atk|2
|
|-weather|RainDance|[upkeep]
|upkeep
|l|☆Snowbell1803
|inactive|Snowbell1803 disconnected and has a minute to reconnect!
|player|p1|
|inactive|Snowbell1803 has 30 seconds left.
|inactive|Snowbell1803 has 20 seconds left.
|inactive|Snowbell1803 has 15 seconds left.
|inactive|Snowbell1803 has 10 seconds left.
|inactive|Snowbell1803 has 5 seconds left.
|-message|Snowbell1803 lost due to inactivity.
|
|win|Qaiseasy
|raw|Snowbell1803's rating: 1143 &rarr; <strong>1112</strong><br />(-31 for losing)
|raw|Qaiseasy's rating: 1052 &rarr; <strong>1092</strong><br />(+40 for winning)
