|j|☆Velius_Gigas
|j|☆nuggs54
|t:|1750748388
|gametype|doubles
|player|p1|Velius_Gigas|falkner|1275
|player|p2|nuggs54|266|1249
|teamsize|p1|6
|teamsize|p2|6
|gen|9
|tier|[Gen 9] VGC 2025 Reg I
|rated|
|rule|Species Clause: Limit one of each Pokémon
|rule|Item Clause: Limit 1 of each item
|clearpoke
|poke|p1|Calyrex-Shadow, L50|
|poke|p1|Koraidon, L50|
|poke|p1|Ogerpon-Hearthflame, L50, F|
|poke|p1|Rillaboom, L50, F|
|poke|p1|Grimmsnarl, L50, M|
|poke|p1|Incineroar, L50, M|
|poke|p2|Zekrom, L50|
|poke|p2|Calyrex-Ice, L50|
|poke|p2|Volcarona, L50, F|
|poke|p2|Porygon2, L50|
|poke|p2|Landorus, L50, M|
|poke|p2|Chien-Pao, L50|
|teampreview|4
|inactive|Battle timer is ON: inactive players will automatically lose when time's up. (requested by Velius_Gigas)
|inactive|Velius_Gigas has 60 seconds left.
|inactive|nuggs54 has 60 seconds left.
|
|t:|1750748430
|start
|switch|p1a: Incineroar|Incineroar, L50, M|100/100
|switch|p1b: Calyrex|Calyrex-Shadow, L50|100/100
|switch|p2a: Volcarona|Volcarona, L50, F|100/100
|switch|p2b: Porygon2|Porygon2, L50|100/100
|-ability|p1b: Calyrex|As One
|-ability|p1b: Calyrex|Unnerve
|-ability|p1a: Incineroar|Intimidate|boost
|-unboost|p2a: Volcarona|atk|1
|-unboost|p2b: Porygon2|atk|1
|-ability|p2b: Porygon2|Download|boost
|-boost|p2b: Porygon2|spa|1
|turn|1
|inactive|nuggs54 has 30 seconds left.
|inactive|nuggs54 has 20 seconds left.
|
|t:|1750748467
|move|p1a: Incineroar|Fake Out|p2b: Porygon2
|-damage|p2b: Porygon2|94/100
|move|p1b: Calyrex|Nasty Plot|p1b: Calyrex
|-boost|p1b: Calyrex|spa|2
|move|p2a: Volcarona|Overheat|p1b: Calyrex
|-damage|p1b: Calyrex|53/100
|-unboost|p2a: Volcarona|spa|2
|cant|p2b: Porygon2|flinch
|
|upkeep
|turn|2
|
|t:|1750748482
|move|p2a: Volcarona|Rage Powder|p2a: Volcarona
|-singleturn|p2a: Volcarona|move: Rage Powder
|move|p1b: Calyrex|Astral Barrage|p2a: Volcarona|[spread] p2a
|-immune|p2b: Porygon2
|-damage|p2a: Volcarona|9/100
|move|p1a: Incineroar|Knock Off|p2b: Porygon2
|-damage|p2b: Porygon2|72/100
|-enditem|p2b: Porygon2|Eviolite|[from] move: Knock Off|[of] p1a: Incineroar
|move|p2b: Porygon2|Shadow Ball|p1b: Calyrex
|-supereffective|p1b: Calyrex
|-damage|p1b: Calyrex|0 fnt
|faint|p1b: Calyrex
|
|upkeep
|
|t:|1750748498
|switch|p1b: Koraidon|Koraidon, L50|100/100
|-weather|SunnyDay|[from] ability: Orichalcum Pulse|[of] p1b: Koraidon
|-activate|p1b: Koraidon|Orichalcum Pulse|[source]
|turn|3
|
|t:|1750748514
|move|p2a: Volcarona|Rage Powder|p2a: Volcarona
|-singleturn|p2a: Volcarona|move: Rage Powder
|move|p1b: Koraidon|Collision Course|p2a: Volcarona
|-resisted|p2a: Volcarona
|-damage|p2a: Volcarona|0 fnt
|-damage|p1b: Koraidon|84/100|[from] item: Rocky Helmet|[of] p2a: Volcarona
|-status|p1b: Koraidon|brn|[from] ability: Flame Body|[of] p2a: Volcarona
|faint|p2a: Volcarona
|move|p1a: Incineroar|Flare Blitz|p2b: Porygon2
|-damage|p2b: Porygon2|6/100
|-damage|p1a: Incineroar|80/100|[from] Recoil
|move|p2b: Porygon2|Ice Beam|p1b: Koraidon
|-supereffective|p1b: Koraidon
|-damage|p1b: Koraidon|24/100 brn
|
|-weather|SunnyDay|[upkeep]
|-damage|p1b: Koraidon|18/100 brn|[from] brn
|upkeep
|-message|Velius_Gigas forfeited.
|
|win|nuggs54
|raw|Velius_Gigas's rating: 1275 &rarr; <strong>1248</strong><br />(-27 for losing)
|raw|nuggs54's rating: 1249 &rarr; <strong>1276</strong><br />(+27 for winning)
|l|☆Velius_Gigas
|player|p1|
|l|☆nuggs54
|player|p2|
