|j|☆kravman
|j|☆phoenix of rage
|t:|1750834481
|gametype|doubles
|player|p1|kravman|1|1341
|player|p2|phoenix of rage|birdkeeper-gen4dp|1448
|teamsize|p1|6
|teamsize|p2|6
|gen|9
|tier|[Gen 9] VGC 2025 Reg I
|rated|
|rule|Species Clause: Limit one of each Pokémon
|rule|Item Clause: Limit 1 of each item
|clearpoke
|poke|p1|Koraidon, L50|
|poke|p1|Scovillain, L50, F|
|poke|p1|Miraidon, L50|
|poke|p1|Chesnaught, L50, F|
|poke|p1|Clefairy, L50, F|
|poke|p1|Indeedee-F, L50, F|
|poke|p2|Kyogre, L50|
|poke|p2|Archaludon, L50, F|
|poke|p2|Miraidon, L50|
|poke|p2|Farigiraf, L50, M|
|poke|p2|Landorus, L50, M|
|poke|p2|Pelipper, L50, F|
|teampreview|4
|inactive|Battle timer is ON: inactive players will automatically lose when time's up. (requested by phoenix of rage)
|inactive|kravman also wants the timer to be on.
phoenix of rage has agreed to open team sheets.
|
|t:|1750834502
|start
|switch|p1a: Miraidon|Miraidon, L50|100/100
|switch|p1b: Clefairy|Clefairy, L50, F|100/100
|switch|p2a: Kyogre|Kyogre, L50|100/100
|switch|p2b: Archaludon|Archaludon, L50, F|100/100
|-fieldstart|move: Electric Terrain|[from] ability: Hadron Engine|[of] p1a: Miraidon
|-weather|RainDance|[from] ability: Drizzle|[of] p2a: Kyogre
|turn|1
|
|t:|1750834520
|-terastallize|p2a: Kyogre|Grass
|move|p1b: Clefairy|Follow Me|p1b: Clefairy
|-singleturn|p1b: Clefairy|move: Follow Me
|move|p1a: Miraidon|Electro Drift|p2a: Kyogre
|-resisted|p2a: Kyogre
|-damage|p2a: Kyogre|80/100
|move|p2b: Archaludon|Flash Cannon|p1b: Clefairy
|-supereffective|p1b: Clefairy
|-damage|p1b: Clefairy|19/100
|move|p2a: Kyogre|Water Spout|p1a: Miraidon|[spread] p1a,p1b
|-resisted|p1a: Miraidon
|-damage|p1a: Miraidon|76/100
|-damage|p1b: Clefairy|0 fnt
|faint|p1b: Clefairy
|
|-weather|RainDance|[upkeep]
|upkeep
|
|t:|1750834532
|switch|p1b: Koraidon|Koraidon, L50|100/100
|-weather|SunnyDay|[from] ability: Orichalcum Pulse|[of] p1b: Koraidon
|-activate|p1b: Koraidon|Orichalcum Pulse|[source]
|turn|2
|
|t:|1750834543
|switch|p1a: Scovillain|Scovillain, L50, F|100/100
|switch|p2b: Pelipper|Pelipper, L50, F|100/100
|-weather|RainDance|[from] ability: Drizzle|[of] p2b: Pelipper
|move|p1b: Koraidon|Flare Blitz|p2a: Kyogre
|-supereffective|p2a: Kyogre
|-damage|p2a: Kyogre|45/100
|-status|p2a: Kyogre|brn
|-damage|p1b: Koraidon|87/100|[from] Recoil
|move|p2a: Kyogre|Water Spout|p1b: Koraidon|[spread] p1a,p1b
|-resisted|p1b: Koraidon
|-damage|p1a: Scovillain|20/100
|-damage|p1b: Koraidon|68/100
|
|-weather|RainDance|[upkeep]
|-damage|p2a: Kyogre|39/100 brn|[from] brn
|upkeep
|turn|3
|
|t:|1750834567
|switch|p1b: Miraidon|Miraidon, L50|76/100
|-activate|p1b: Miraidon|ability: Hadron Engine
|move|p1a: Scovillain|Protect|p1a: Scovillain
|-singleturn|p1a: Scovillain|Protect
|move|p2b: Pelipper|Hurricane|p1a: Scovillain
|-activate|p1a: Scovillain|move: Protect
|move|p2a: Kyogre|Ice Beam|p1b: Miraidon
|-supereffective|p1b: Miraidon
|-damage|p1b: Miraidon|15/100
|
|-weather|RainDance|[upkeep]
|-damage|p2a: Kyogre|33/100 brn|[from] brn
|upkeep
|turn|4
|
|t:|1750834581
|switch|p1b: Koraidon|Koraidon, L50|68/100
|-weather|SunnyDay|[from] ability: Orichalcum Pulse|[of] p1b: Koraidon
|-activate|p1b: Koraidon|Orichalcum Pulse|[source]
|move|p1a: Scovillain|Spicy Extract|p1b: Koraidon
|-fail|p1b: Koraidon|unboost|[from] item: Clear Amulet|[of] p1b: Koraidon
|-boost|p1b: Koraidon|atk|2
|move|p2b: Pelipper|Hurricane|p1a: Scovillain
|-supereffective|p1a: Scovillain
|-damage|p1a: Scovillain|0 fnt
|faint|p1a: Scovillain
|move|p2a: Kyogre|Ice Beam|p1b: Koraidon
|-supereffective|p1b: Koraidon
|-damage|p1b: Koraidon|0 fnt
|faint|p1b: Koraidon
|
|-weather|SunnyDay|[upkeep]
|-damage|p2a: Kyogre|28/100 brn|[from] brn
|upkeep
|-message|kravman forfeited.
|
|win|phoenix of rage
|raw|kravman's rating: 1341 &rarr; <strong>1327</strong><br />(-14 for losing)
|raw|phoenix of rage's rating: 1448 &rarr; <strong>1462</strong><br />(+14 for winning)
|l|☆kravman
|player|p1|
|l|☆phoenix of rage
|player|p2|
