|j|☆Dangarzam
|j|☆StellarDevil
|t:|1750833144
|gametype|doubles
|player|p1|Dangarzam|101|1219
|player|p2|StellarDevil|dawn-gen4pt|1300
|teamsize|p1|6
|teamsize|p2|6
|gen|9
|tier|[Gen 9] VGC 2025 Reg I
|rated|
|rule|Species Clause: Limit one of each Pokémon
|rule|Item Clause: Limit 1 of each item
|clearpoke
|poke|p1|Gengar, L50, M|
|poke|p1|Dragonite, L50, M|
|poke|p1|Electabuzz, L50, M|
|poke|p1|Ditto, L50|
|poke|p1|Mewtwo, L50|
|poke|p1|Ho-Oh, L50|
|poke|p2|Calyrex-Ice, L50|
|poke|p2|Miraidon, L50|
|poke|p2|Whimsicott, L50, F|
|poke|p2|Farigiraf, L50, F|
|poke|p2|Urshifu-*, L50, M|
|poke|p2|Ogerpon-Hearthflame, L50, F|
|teampreview|4
|inactive|Battle timer is ON: inactive players will automatically lose when time's up. (requested by Dangarzam)
|
|t:|1750833170
|start
|switch|p1a: Electabuzz|Electabuzz, L50, M, shiny|100/100
|switch|p1b: Ho-Oh|Ho-Oh, L50, shiny|100/100
|switch|p2a: Calyrex|Calyrex-Ice, L50|100/100
|switch|p2b: Whimsicott|Whimsicott, L50, F|100/100
|-ability|p2a: Calyrex|As One
|-ability|p2a: Calyrex|Unnerve
|turn|1
|inactive|StellarDevil has 30 seconds left.
|
|t:|1750833197
|-terastallize|p2a: Calyrex|Water
|move|p2b: Whimsicott|Tailwind|p2b: Whimsicott
|-sidestart|p2: StellarDevil|move: Tailwind
|move|p2a: Calyrex|Glacial Lance|p1a: Electabuzz|[spread] p1a,p1b
|-damage|p1a: Electabuzz|57/100
|-damage|p1b: Ho-Oh|45/100
|move|p1a: Electabuzz|Taunt|p2a: Calyrex
|-start|p2a: Calyrex|move: Taunt
|move|p1b: Ho-Oh|Sacred Fire|p2b: Whimsicott
|-supereffective|p2b: Whimsicott
|-damage|p2b: Whimsicott|0 fnt
|faint|p2b: Whimsicott
|
|upkeep
|
|t:|1750833219
|switch|p2b: Miraidon|Miraidon, L50|100/100
|-fieldstart|move: Electric Terrain|[from] ability: Hadron Engine|[of] p2b: Miraidon
|turn|2
|
|t:|1750833240
|move|p1b: Ho-Oh|Protect|p1b: Ho-Oh
|-singleturn|p1b: Ho-Oh|Protect
|move|p2b: Miraidon|Volt Switch|p1a: Electabuzz
|-resisted|p1a: Electabuzz
|-damage|p1a: Electabuzz|20/100
|
|t:|1750833249
|switch|p2b: Urshifu|Urshifu, L50, M|100/100|[from] Volt Switch
|move|p2a: Calyrex|Glacial Lance|p1b: Ho-Oh|[spread] p1a
|-activate|p1b: Ho-Oh|move: Protect
|-damage|p1a: Electabuzz|0 fnt
|faint|p1a: Electabuzz
|-ability|p2a: Calyrex|Chilling Neigh|boost
|-boost|p2a: Calyrex|atk|1
|
|upkeep
|
|t:|1750833253
|switch|p1a: Mewtwo|Mewtwo, L50, shiny|100/100
|-ability|p1a: Mewtwo|Unnerve
|turn|3
|
|t:|1750833272
|move|p2b: Urshifu|Sucker Punch|p1a: Mewtwo
|-supereffective|p1a: Mewtwo
|-damage|p1a: Mewtwo|24/100
|move|p2a: Calyrex|Glacial Lance|p1b: Ho-Oh|[spread] p1a,p1b
|-damage|p1a: Mewtwo|0 fnt
|-damage|p1b: Ho-Oh|0 fnt
|faint|p1a: Mewtwo
|faint|p1b: Ho-Oh
|-ability|p2a: Calyrex|Chilling Neigh|boost
|-boost|p2a: Calyrex|atk|2
|
|upkeep
|
|t:|1750833279
|switch|p1b: Ditto|Ditto, L50, shiny|100/100
|-transform|p1b: Ditto|p2a: Calyrex|[from] ability: Imposter
|-ability|p1b: Ditto|As One
|-ability|p1b: Ditto|Unnerve
|-start|p1b: Ditto|typechange|Psychic/Ice|[silent]
|turn|4
|
|t:|1750833291
|-terastallize|p1b: Ditto|Ghost
|move|p2b: Urshifu|Wicked Blow|p1b: Ditto
|-supereffective|p1b: Ditto
|-crit|p1b: Ditto
|-damage|p1b: Ditto|0 fnt
|faint|p1b: Ditto
|
|win|StellarDevil
|raw|Dangarzam's rating: 1219 &rarr; <strong>1200</strong><br />(-19 for losing)
|raw|StellarDevil's rating: 1300 &rarr; <strong>1319</strong><br />(+19 for winning)
|l|☆Dangarzam
|player|p1|
|l|☆StellarDevil
|player|p2|
