|j|☆neonotic982
|j|☆ouwou
|t:|1750882131
|gametype|doubles
|player|p1|neonotic982|sisandbro|1142
|player|p2|ouwou|iris|1050
|teamsize|p1|6
|teamsize|p2|6
|gen|9
|tier|[Gen 9] VGC 2025 Reg I
|rated|
|rule|Species Clause: Limit one of each Pokémon
|rule|Item Clause: Limit 1 of each item
|clearpoke
|poke|p1|Calyrex-Shadow, L50|
|poke|p1|Zamazenta-*, L50|
|poke|p1|Indeedee-F, L50, F|
|poke|p1|Grimmsnarl, L50, M|
|poke|p1|Urshifu-*, L50, F|
|poke|p1|Rillaboom, L50, F|
|poke|p2|Espathra, L50, M|
|poke|p2|Fezandipiti, L50, M|
|poke|p2|Sneasler, L50, M|
|poke|p2|Tsareena, L50, F|
|poke|p2|Bisharp, L50, F|
|poke|p2|Iron Boulder, L50|
|teampreview|4
|inactive|Battle timer is ON: inactive players will automatically lose when time's up. (requested by neonotic982)
|c|☆neonotic982|im scared
|c|☆ouwou|Thats my line
|inactive|neonotic982 has 60 seconds left.
ouwou rejected open team sheets.
|c|☆neonotic982|rejecting team sheets....
|c|☆neonotic982|now im terrified
|inactive|neonotic982 has 30 seconds left.
|c|☆ouwou|I don't like stacking my team with legendaries/ultras/etc, I need every equalizer I can get lol
|inactive|neonotic982 has 20 seconds left.
|
|t:|1750882205
|start
|switch|p1a: Calyrex|Calyrex-Shadow, L50|100/100
|switch|p1b: Indeedee|Indeedee-F, L50, F|100/100
|switch|p2a: Espa|Espathra, L50, M|100/100
|switch|p2b: Andi|Fezandipiti, L50, M|100/100
|-ability|p1a: Calyrex|As One
|-ability|p1a: Calyrex|Unnerve
|-fieldstart|move: Psychic Terrain|[from] ability: Psychic Surge|[of] p1b: Indeedee
|turn|1
|c|☆neonotic982|lol fair
|inactive|neonotic982 has 30 seconds left.
|inactive|ouwou has 30 seconds left.
|
|t:|1750882240
|-terastallize|p2b: Andi|Fire
|move|p1b: Indeedee|Follow Me|p1b: Indeedee
|-singleturn|p1b: Indeedee|move: Follow Me
|move|p1a: Calyrex|Astral Barrage|p2b: Andi|[spread] p2a,p2b
|-supereffective|p2a: Espa
|-damage|p2a: Espa|0 fnt
|-damage|p2b: Andi|57/100
|faint|p2a: Espa
|-ability|p1a: Calyrex|Grim Neigh|boost
|-boost|p1a: Calyrex|spa|1
|move|p2b: Andi|Heat Wave|p1b: Indeedee|[spread] p1a,p1b
|-damage|p1a: Calyrex|65/100
|-damage|p1b: Indeedee|67/100
|-damage|p2b: Andi|47/100|[from] item: Life Orb
|
|upkeep
|
|t:|1750882254
|switch|p2a: Easin|Sneasler, L50, M, shiny|100/100
|turn|2
|
|t:|1750882267
|move|p2a: Easin|Fake Out|p1b: Indeedee
|-activate|p1b: Indeedee|move: Psychic Terrain
|move|p1b: Indeedee|Follow Me|p1b: Indeedee
|-singleturn|p1b: Indeedee|move: Follow Me
|move|p1a: Calyrex|Psychic|p2a: Easin
|-supereffective|p2a: Easin
|-damage|p2a: Easin|0 fnt
|faint|p2a: Easin
|-ability|p1a: Calyrex|Grim Neigh|boost
|-boost|p1a: Calyrex|spa|1
|move|p2b: Andi|Roost|p2b: Andi
|-heal|p2b: Andi|97/100
|
|upkeep
|
|t:|1750882277
|switch|p2a: Rina|Tsareena, L50, F|100/100
|turn|3
|
|t:|1750882289
|move|p1b: Indeedee|Helping Hand|p1a: Calyrex
|-singleturn|p1a: Calyrex|Helping Hand|[of] p1b: Indeedee
|move|p1a: Calyrex|Astral Barrage|p2a: Rina|[spread] p2a,p2b
|-damage|p2a: Rina|0 fnt
|-damage|p2b: Andi|0 fnt
|faint|p2a: Rina
|faint|p2b: Andi
|
|win|neonotic982
|raw|neonotic982's rating: 1142 &rarr; <strong>1161</strong><br />(+19 for winning)
|raw|ouwou's rating: 1050 &rarr; <strong>1037</strong><br />(-13 for losing)
|l|☆ouwou
|player|p2|
|l|☆neonotic982
|player|p1|
