|j|☆Professor_J93
|j|☆krangune❤
|t:|1750801900
|gametype|doubles
|player|p1|Professor_J93|265|1443
|player|p2|krangune❤|arezu|1419
|teamsize|p1|6
|teamsize|p2|6
|gen|9
|tier|[Gen 9] VGC 2025 Reg I
|rated|
|rule|Species Clause: Limit one of each Pokémon
|rule|Item Clause: Limit 1 of each item
|clearpoke
|poke|p1|Zacian-*, L50|
|poke|p1|Palkia-Origin, L50|
|poke|p1|Chandelure, L50, F|
|poke|p1|Landorus-Therian, L50, M|
|poke|p1|Grimmsnarl, L50, M|
|poke|p1|Rillaboom, L50, F|
|poke|p2|Miraidon, L50|
|poke|p2|Frosmoth, L50, F|
|poke|p2|Iron Moth, L50|
|poke|p2|Ogerpon-Cornerstone, L50, F|
|poke|p2|Incineroar, L50, M|
|poke|p2|Koraidon, L50|
|teampreview|4
|inactive|Battle timer is ON: inactive players will automatically lose when time's up. (requested by Professor_J93)
krangune❤ has agreed to open team sheets.
Professor_J93 has agreed to open team sheets.
|showteam|p1|Zacian-Crowned||RustedSword|IntrepidSword|behemothblade,SacredSword,PlayRough,Protect||||||50|,,,,,Stellar]Palkia-Origin||LustrousGlobe|Pressure|HydroPump,SpacialRend,Gravity,Protect||||||50|,,,,,Water]Chandelure||LifeOrb|FlashFire|Protect,HeatWave,TrickRoom,ShadowBall|||F|||50|,,,,,Grass]Landorus-Therian||ChoiceScarf|Intimidate|StompingTantrum,RockSlide,BrickBreak,Uturn|||M|||50|,,,,,Ghost]Grimmsnarl||LightClay|Prankster|Reflect,SpiritBreak,LightScreen,SuckerPunch|||M|||50|,,,,,Ghost]Rillaboom||AssaultVest|GrassySurge|GrassyGlide,Uturn,FakeOut,DrumBeating|||F|||50|,,,,,Grass
|showteam|p2|Miraidon||ChoiceScarf|HadronEngine|VoltSwitch,ElectroDrift,DracoMeteor,Snarl||||||50|,,,,,Electric]Frosmoth||ElectricSeed|IceScales|WideGuard,QuiverDance,StruggleBug,IceBeam|||F|||50|,,,,,Water]Iron Moth||LifeOrb|QuarkDrive|HeatWave,EnergyBall,Protect,AcidSpray||||||50|,,,,,Grass]Ogerpon-Cornerstone||CornerstoneMask|Sturdy|SpikyShield,FollowMe,RockTomb,PowerWhip|||F|||50|,,,,,Rock]Incineroar||AssaultVest|Intimidate|FakeOut,KnockOff,Uturn,FlareBlitz|||M|||50|,,,,,Bug]Koraidon||ClearAmulet|OrichalcumPulse|CollisionCourse,FlameCharge,FlareBlitz,Protect||||||50|,,,,,Fire
|c|☆krangune❤|glhf
|c|☆Professor_J93|Glhf
|inactive|Professor_J93 has 60 seconds left.
|inactive|krangune❤ has 60 seconds left.
|
|t:|1750801950
|start
|switch|p1a: Rillaboom|Rillaboom, L50, F|100/100
|switch|p1b: Palkia|Palkia-Origin, L50|100/100
|switch|p2a: Miraidon|Miraidon, L50|100/100
|switch|p2b: Iron Moth|Iron Moth, L50|100/100
|-fieldstart|move: Electric Terrain|[from] ability: Hadron Engine|[of] p2a: Miraidon
|-activate|p2b: Iron Moth|ability: Quark Drive
|-start|p2b: Iron Moth|quarkdrivespe
|-ability|p1b: Palkia|Pressure
|-fieldstart|move: Grassy Terrain|[from] ability: Grassy Surge|[of] p1a: Rillaboom
|-end|p2b: Iron Moth|Quark Drive
|turn|1
|inactive|krangune❤ has 30 seconds left.
|
|t:|1750801975
|move|p2b: Iron Moth|Protect|p2b: Iron Moth
|-singleturn|p2b: Iron Moth|Protect
|move|p1a: Rillaboom|Fake Out|p2a: Miraidon
|-damage|p2a: Miraidon|90/100
|cant|p2a: Miraidon|flinch
|move|p1b: Palkia|Spacial Rend|p2a: Miraidon
|-supereffective|p2a: Miraidon
|-damage|p2a: Miraidon|0 fnt
|faint|p2a: Miraidon
|
|upkeep
|
|t:|1750801986
|switch|p2a: Koraidon|Koraidon, L50|100/100
|-weather|SunnyDay|[from] ability: Orichalcum Pulse|[of] p2a: Koraidon
|-activate|p2a: Koraidon|Orichalcum Pulse|[source]
|turn|2
|
|t:|1750802001
|switch|p1a: Chandelure|Chandelure, L50, F|100/100
|move|p1b: Palkia|Protect|p1b: Palkia
|-singleturn|p1b: Palkia|Protect
|move|p2b: Iron Moth|Heat Wave|p1a: Chandelure|[spread] 
|-activate|p1b: Palkia|move: Protect
|-start|p1a: Chandelure|ability: Flash Fire
|move|p2a: Koraidon|Collision Course|p1b: Palkia
|-activate|p1b: Palkia|move: Protect
|
|-weather|SunnyDay|[upkeep]
|upkeep
|turn|3
|-message|krangune❤ forfeited.
|
|win|Professor_J93
|raw|Professor_J93's rating: 1443 &rarr; <strong>1462</strong><br />(+19 for winning)
|raw|krangune❤'s rating: 1419 &rarr; <strong>1400</strong><br />(-19 for losing)
|l|☆krangune❤
|player|p2|
|l|☆Professor_J93
|player|p1|
