|j|☆zsg2006
|j|☆7yka0n
|t:|1750712808
|gametype|doubles
|player|p1|zsg2006|blackbelt-gen4dp|1140
|player|p2|7yka0n|170|1174
|teamsize|p1|6
|teamsize|p2|6
|gen|9
|tier|[Gen 9] VGC 2025 Reg I
|rated|
|rule|Species Clause: Limit one of each Pokémon
|rule|Item Clause: Limit 1 of each item
|clearpoke
|poke|p1|Miraidon, L50|
|poke|p1|Calyrex-Shadow, L50|
|poke|p1|Clefable, L50, F|
|poke|p1|Flutter Mane, L50|
|poke|p1|Urshifu-*, L50, M|
|poke|p1|Whimsicott, L50, F|
|poke|p2|Indeedee-F, L50, F|
|poke|p2|Calyrex-Shadow, L50|
|poke|p2|Koraidon, L50|
|poke|p2|Porygon-Z, L50|
|poke|p2|Conkeldurr, L50, F|
|poke|p2|Gastrodon-East, L50, M|
|teampreview|4
zsg2006 has agreed to open team sheets.
|inactive|Battle timer is ON: inactive players will automatically lose when time's up. (requested by 7yka0n)
7yka0n rejected open team sheets.
|
|t:|1750712873
|start
|switch|p1a: Miraidon|Miraidon, L50|100/100
|switch|p1b: Flutter Mane|Flutter Mane, L50|100/100
|switch|p2a: Koraidon|Koraidon, L50|100/100
|switch|p2b: Porygon-Z|Porygon-Z, L50|100/100
|-fieldstart|move: Electric Terrain|[from] ability: Hadron Engine|[of] p1a: Miraidon
|-weather|SunnyDay|[from] ability: Orichalcum Pulse|[of] p2a: Koraidon
|-activate|p1b: Flutter Mane|ability: Protosynthesis
|-start|p1b: Flutter Mane|protosynthesisspe
|-activate|p2a: Koraidon|Orichalcum Pulse|[source]
|turn|1
|inactive|zsg2006 has 30 seconds left.
|inactive|7yka0n has 30 seconds left.
|
|t:|1750712906
|-terastallize|p1a: Miraidon|Electric
|-terastallize|p2b: Porygon-Z|Ground
|move|p1b: Flutter Mane|Icy Wind|p2a: Koraidon|[spread] p2a,p2b
|-supereffective|p2a: Koraidon
|-supereffective|p2b: Porygon-Z
|-damage|p2a: Koraidon|86/100
|-damage|p2b: Porygon-Z|71/100
|-unboost|p2a: Koraidon|spe|1
|-unboost|p2b: Porygon-Z|spe|1
|move|p1a: Miraidon|Electro Drift|p2b: Porygon-Z
|-immune|p2b: Porygon-Z
|move|p2a: Koraidon|Flare Blitz|p1b: Flutter Mane
|-damage|p1b: Flutter Mane|0 fnt
|faint|p1b: Flutter Mane
|-end|p1b: Flutter Mane|Protosynthesis|[silent]
|-damage|p2a: Koraidon|61/100|[from] Recoil
|move|p2b: Porygon-Z|Tera Blast|p1a: Miraidon|[anim] Tera Blast Ground
|-supereffective|p1a: Miraidon
|-damage|p1a: Miraidon|0 fnt
|faint|p1a: Miraidon
|-damage|p2b: Porygon-Z|61/100|[from] item: Life Orb
|
|-weather|SunnyDay|[upkeep]
|upkeep
|-message|zsg2006 forfeited.
|
|win|7yka0n
|raw|zsg2006's rating: 1140 &rarr; <strong>1117</strong><br />(-23 for losing)
|raw|7yka0n's rating: 1174 &rarr; <strong>1197</strong><br />(+23 for winning)
|l|☆zsg2006
|player|p1|
|l|☆7yka0n
|player|p2|
