|j|☆Kunnyman
|j|☆ivoryrose5632
|t:|1750726923
|gametype|doubles
|player|p1|Kunnyman|1|1296
|player|p2|ivoryrose5632|pokemaniac|1334
|teamsize|p1|6
|teamsize|p2|6
|gen|9
|tier|[Gen 9] VGC 2025 Reg I
|rated|
|rule|Species Clause: Limit one of each Pokémon
|rule|Item Clause: Limit 1 of each item
|clearpoke
|poke|p1|Meganium, L50, M|
|poke|p1|Gholdengo, L50|
|poke|p1|Iron Moth, L50|
|poke|p1|Tyranitar, L50, M|
|poke|p1|Miraidon, L50|
|poke|p1|Dialga-Origin, L50|
|poke|p2|Zamazenta-*, L50|
|poke|p2|Koraidon, L50|
|poke|p2|Flutter Mane, L50|
|poke|p2|Chien-Pao, L50|
|poke|p2|Incineroar, L50, F|
|poke|p2|Whimsicott, L50, F|
|teampreview|4
|inactive|Battle timer is ON: inactive players will automatically lose when time's up. (requested by ivoryrose5632)
|inactive|ivoryrose5632 has 60 seconds left.
|inactive|ivoryrose5632 has 30 seconds left.
|
|t:|1750726990
|start
|switch|p1a: Iron Moth|Iron Moth, L50|100/100
|switch|p1b: Miraidon|Miraidon, L50|100/100
|switch|p2a: Zamazenta|Zamazenta-Crowned, L50|100/100
|switch|p2b: Whimsicott|Whimsicott, L50, F|100/100
|-fieldstart|move: Electric Terrain|[from] ability: Hadron Engine|[of] p1b: Miraidon
|-activate|p1a: Iron Moth|ability: Quark Drive
|-start|p1a: Iron Moth|quarkdrivespe
|-ability|p2a: Zamazenta|Dauntless Shield|boost
|-boost|p2a: Zamazenta|def|1
|turn|1
|inactive|Kunnyman has 30 seconds left.
|inactive|ivoryrose5632 has 30 seconds left.
|
|t:|1750727023
|-terastallize|p1b: Miraidon|Fairy
|move|p2b: Whimsicott|Protect|p2b: Whimsicott
|-singleturn|p2b: Whimsicott|Protect
|move|p1a: Iron Moth|Heat Wave|p2a: Zamazenta|[spread] p2a
|-activate|p2b: Whimsicott|move: Protect
|-supereffective|p2a: Zamazenta
|-damage|p2a: Zamazenta|37/100
|-damage|p1a: Iron Moth|90/100|[from] item: Life Orb
|move|p1b: Miraidon|Electro Drift|p2a: Zamazenta
|-damage|p2a: Zamazenta|0 fnt
|faint|p2a: Zamazenta
|
|upkeep
|
|t:|1750727040
|switch|p2a: Koraidon|Koraidon, L50|100/100
|-weather|SunnyDay|[from] ability: Orichalcum Pulse|[of] p2a: Koraidon
|-activate|p2a: Koraidon|Orichalcum Pulse|[source]
|turn|2
|
|t:|1750727059
|switch|p1b: Dialga|Dialga-Origin, L50|100/100
|-terastallize|p2a: Koraidon|Fire
|move|p2b: Whimsicott|Tailwind|p2b: Whimsicott
|-sidestart|p2: ivoryrose5632|move: Tailwind
|move|p2a: Koraidon|Flare Blitz|p1b: Dialga
|-damage|p1b: Dialga|0 fnt
|faint|p1b: Dialga
|-damage|p2a: Koraidon|62/100|[from] Recoil
|-damage|p2a: Koraidon|52/100|[from] item: Life Orb
|move|p1a: Iron Moth|Sludge Wave|p2b: Whimsicott|[spread] p2a,p2b
|-supereffective|p2b: Whimsicott
|-damage|p2a: Koraidon|7/100
|-damage|p2b: Whimsicott|0 fnt
|faint|p2b: Whimsicott
|-damage|p1a: Iron Moth|80/100|[from] item: Life Orb
|
|-weather|SunnyDay|[upkeep]
|upkeep
|inactive|Kunnyman has 30 seconds left.
|
|t:|1750727093
|switch|p2b: Incineroar|Incineroar, L50, F|100/100
|switch|p1b: Tyranitar|Tyranitar, L50, M|100/100
|-ability|p2b: Incineroar|Intimidate|boost
|-unboost|p1a: Iron Moth|atk|1
|-unboost|p1b: Tyranitar|atk|1
|-weather|Sandstorm|[from] ability: Sand Stream|[of] p1b: Tyranitar
|turn|3
|
|t:|1750727113
|move|p2b: Incineroar|Fake Out|p1b: Tyranitar
|-resisted|p1b: Tyranitar
|-damage|p1b: Tyranitar|96/100
|move|p2a: Koraidon|Flame Charge|p1a: Iron Moth
|-resisted|p1a: Iron Moth
|-damage|p1a: Iron Moth|48/100
|-boost|p2a: Koraidon|spe|1
|-damage|p2a: Koraidon|0 fnt|[from] item: Life Orb
|faint|p2a: Koraidon
|move|p1a: Iron Moth|Air Slash|p2b: Incineroar
|-damage|p2b: Incineroar|75/100
|-damage|p1a: Iron Moth|38/100|[from] item: Life Orb
|cant|p1b: Tyranitar|flinch
|
|-weather|Sandstorm|[upkeep]
|-damage|p1a: Iron Moth|32/100|[from] Sandstorm
|-damage|p2b: Incineroar|69/100|[from] Sandstorm
|upkeep
|turn|4
|-message|ivoryrose5632 forfeited.
|
|win|Kunnyman
|raw|Kunnyman's rating: 1296 &rarr; <strong>1324</strong><br />(+28 for winning)
|raw|ivoryrose5632's rating: 1334 &rarr; <strong>1312</strong><br />(-22 for losing)
|l|☆ivoryrose5632
|player|p2|
|l|☆Kunnyman
|player|p1|
