|j|☆Kdc1223
|j|☆eloceanocelo
|t:|1750821476
|gametype|doubles
|player|p1|Kdc1223|169|1253
|player|p2|eloceanocelo|265|1157
|teamsize|p1|6
|teamsize|p2|6
|gen|9
|tier|[Gen 9] VGC 2025 Reg I
|rated|
|rule|Species Clause: Limit one of each Pokémon
|rule|Item Clause: Limit 1 of each item
|clearpoke
|poke|p1|Calyrex-Shadow, L50|
|poke|p1|Zamazenta-*, L50|
|poke|p1|Indeedee-F, L50, F|
|poke|p1|Urshifu-*, L50, M|
|poke|p1|Whimsicott, L50, F|
|poke|p1|Incineroar, L50, M|
|poke|p2|Dragapult, L50, M|
|poke|p2|Milotic, L50, F|
|poke|p2|Corviknight, L50, M|
|poke|p2|Porygon-Z, L50|
|poke|p2|Lurantis, L50, F|
|poke|p2|Raging Bolt, L50|
|teampreview|4
|inactive|Battle timer is ON: inactive players will automatically lose when time's up. (requested by Kdc1223)
Kdc1223 has agreed to open team sheets.
eloceanocelo rejected open team sheets.
|inactive|Kdc1223 has 60 seconds left.
|
|t:|1750821516
|start
|switch|p1a: Calyrex|Calyrex-Shadow, L50|100/100
|switch|p1b: Indeedee|Indeedee-F, L50, F|100/100
|switch|p2a: RayoMcqueen|Dragapult, L50, M, shiny|100/100
|switch|p2b: Snake|Milotic, L50, F|100/100
|-ability|p1a: Calyrex|As One
|-ability|p1a: Calyrex|Unnerve
|-fieldstart|move: Psychic Terrain|[from] ability: Psychic Surge|[of] p1b: Indeedee
|-enditem|p1b: Indeedee|Psychic Seed
|-boost|p1b: Indeedee|spd|1|[from] item: Psychic Seed
|turn|1
|inactive|Kdc1223 has 30 seconds left.
|inactive|eloceanocelo has 30 seconds left.
|inactive|Kdc1223 has 20 seconds left.
|
|t:|1750821552
|-terastallize|p1b: Indeedee|Dark
|move|p1b: Indeedee|Follow Me|p1b: Indeedee
|-singleturn|p1b: Indeedee|move: Follow Me
|move|p1a: Calyrex|Expanding Force|p2a: RayoMcqueen|[spread] p2a,p2b
|-damage|p2a: RayoMcqueen|0 fnt
|-damage|p2b: Snake|44/100
|faint|p2a: RayoMcqueen
|-ability|p1a: Calyrex|Grim Neigh|boost
|-boost|p1a: Calyrex|spa|1
|move|p2b: Snake|Haze|p2b: Snake
|-clearallboost
|
|-heal|p2b: Snake|50/100|[from] item: Leftovers
|upkeep
|
|t:|1750821566
|switch|p2a: Blade|Lurantis, L50, F|100/100
|turn|2
|
|t:|1750821581
|move|p1b: Indeedee|Follow Me|p1b: Indeedee
|-singleturn|p1b: Indeedee|move: Follow Me
|move|p1a: Calyrex|Expanding Force|p2a: Blade|[spread] p2a,p2b
|-damage|p2a: Blade|25/100
|-damage|p2b: Snake|0 fnt
|faint|p2b: Snake
|-ability|p1a: Calyrex|Grim Neigh|boost
|-boost|p1a: Calyrex|spa|1
|move|p2a: Blade|Leaf Storm|p1b: Indeedee
|-damage|p1b: Indeedee|68/100
|-boost|p2a: Blade|spa|2
|
|upkeep
|
|t:|1750821591
|switch|p2b: Raging Bolt|Raging Bolt, L50|100/100
|-enditem|p2b: Raging Bolt|Booster Energy
|-activate|p2b: Raging Bolt|ability: Protosynthesis|[fromitem]
|-start|p2b: Raging Bolt|protosynthesisspa
|turn|3
|
|t:|1750821604
|move|p1b: Indeedee|Follow Me|p1b: Indeedee
|-singleturn|p1b: Indeedee|move: Follow Me
|move|p2b: Raging Bolt|Thunderclap||[still]
|-fail|p2b: Raging Bolt
|move|p1a: Calyrex|Expanding Force|p2b: Raging Bolt|[spread] p2a,p2b
|-damage|p2a: Blade|0 fnt
|-damage|p2b: Raging Bolt|1/100
|faint|p2a: Blade
|-ability|p1a: Calyrex|Grim Neigh|boost
|-boost|p1a: Calyrex|spa|1
|
|upkeep
|turn|4
|
|t:|1750821618
|move|p1b: Indeedee|Follow Me|p1b: Indeedee
|-singleturn|p1b: Indeedee|move: Follow Me
|move|p1a: Calyrex|Psychic|p2b: Raging Bolt
|-damage|p2b: Raging Bolt|0 fnt
|faint|p2b: Raging Bolt
|-end|p2b: Raging Bolt|Protosynthesis|[silent]
|
|win|Kdc1223
|raw|Kdc1223's rating: 1253 &rarr; <strong>1271</strong><br />(+18 for winning)
|raw|eloceanocelo's rating: 1157 &rarr; <strong>1139</strong><br />(-18 for losing)
|l|☆eloceanocelo
|player|p2|
