|j|☆lostvgc
|j|☆Ferrous2 000
|t:|1750746828
|gametype|doubles
|player|p1|lostvgc|benga|1296
|player|p2|Ferrous2 000|hiker|1308
|teamsize|p1|6
|teamsize|p2|6
|gen|9
|tier|[Gen 9] VGC 2025 Reg I
|rated|
|rule|Species Clause: Limit one of each Pokémon
|rule|Item Clause: Limit 1 of each item
|clearpoke
|poke|p1|Calyrex-Shadow, L50|
|poke|p1|Bruxish, L50, M|
|poke|p1|Indeedee-F, L50, F|
|poke|p1|Urshifu-*, L50, M|
|poke|p1|Kyogre, L50|
|poke|p1|Raging Bolt, L50|
|poke|p2|Koraidon, L50|
|poke|p2|Incineroar, L50, M|
|poke|p2|Volcarona, L50, M|
|poke|p2|Solgaleo, L50|
|poke|p2|Ogerpon-Cornerstone, L50, F|
|poke|p2|Flutter Mane, L50|
|teampreview|4
lostvgc has agreed to open team sheets.
|c|☆lostvgc|hf
|j| ZodiacSheep
|
|t:|1750746888
|start
|switch|p1a: Calyrex|Calyrex-Shadow, L50|100/100
|switch|p1b: Bruxish|Bruxish, L50, M|100/100
|switch|p2a: Solgaleo|Solgaleo, L50|100/100
|switch|p2b: Ivy|Ogerpon-Cornerstone, L50, F|100/100
|-ability|p1a: Calyrex|As One
|-ability|p1a: Calyrex|Unnerve
|turn|1
|
|t:|1750746898
|-terastallize|p1a: Calyrex|Fire
|move|p2a: Solgaleo|Wide Guard|p2a: Solgaleo
|-singleturn|p2a: Solgaleo|Wide Guard
|move|p1b: Bruxish|Flip Turn|p1a: Calyrex
|-supereffective|p1a: Calyrex
|-damage|p1a: Calyrex|52/100
|-enditem|p1a: Calyrex|Weakness Policy
|-boost|p1a: Calyrex|atk|2|[from] item: Weakness Policy
|-boost|p1a: Calyrex|spa|2|[from] item: Weakness Policy
|
|t:|1750746910
|switch|p1b: Indeedee|Indeedee-F, L50, F|100/100|[from] Flip Turn
|-fieldstart|move: Psychic Terrain|[from] ability: Psychic Surge|[of] p1b: Indeedee
|-enditem|p1b: Indeedee|Psychic Seed
|-boost|p1b: Indeedee|spd|1|[from] item: Psychic Seed
|move|p1a: Calyrex|Astral Barrage|p2a: Solgaleo|[spread] 
|-activate|p2a: Solgaleo|move: Wide Guard
|-activate|p2b: Ivy|move: Wide Guard
|move|p2b: Ivy|Ivy Cudgel|p1a: Calyrex|[anim] Ivy Cudgel Rock
|-supereffective|p1a: Calyrex
|-damage|p1a: Calyrex|0 fnt
|faint|p1a: Calyrex
|
|upkeep
|
|t:|1750746913
|switch|p1a: Kyogre|Kyogre, L50|100/100
|-weather|RainDance|[from] ability: Drizzle|[of] p1a: Kyogre
|turn|2
|
|t:|1750746954
|move|p2a: Solgaleo|Wide Guard|p2a: Solgaleo
|-singleturn|p2a: Solgaleo|Wide Guard
|move|p1b: Indeedee|Follow Me|p1b: Indeedee
|-singleturn|p1b: Indeedee|move: Follow Me
|move|p2b: Ivy|Ivy Cudgel|p1b: Indeedee|[anim] Ivy Cudgel Rock
|-damage|p1b: Indeedee|10/100
|move|p1a: Kyogre|Water Spout|p2a: Solgaleo|[spread] 
|-activate|p2a: Solgaleo|move: Wide Guard
|-activate|p2b: Ivy|move: Wide Guard
|
|-weather|RainDance|[upkeep]
|upkeep
|turn|3
|
|t:|1750746973
|move|p1b: Indeedee|Helping Hand|p1a: Kyogre
|-singleturn|p1a: Kyogre|Helping Hand|[of] p1b: Indeedee
|move|p2a: Solgaleo|Wide Guard|p2a: Solgaleo
|-singleturn|p2a: Solgaleo|Wide Guard
|move|p2b: Ivy|Ivy Cudgel|p1b: Indeedee|[anim] Ivy Cudgel Rock
|-crit|p1b: Indeedee
|-damage|p1b: Indeedee|0 fnt
|faint|p1b: Indeedee
|move|p1a: Kyogre|Thunder|p2a: Solgaleo
|-damage|p2a: Solgaleo|53/100
|-status|p2a: Solgaleo|par
|
|-weather|RainDance|[upkeep]
|upkeep
|-message|lostvgc forfeited.
|
|win|Ferrous2 000
|raw|lostvgc's rating: 1296 &rarr; <strong>1272</strong><br />(-24 for losing)
|raw|Ferrous2 000's rating: 1308 &rarr; <strong>1327</strong><br />(+19 for winning)
|l|☆lostvgc
|player|p1|
|l| ZodiacSheep
|l|☆Ferrous2 000
|player|p2|
