|j|☆i love shenai
|j|☆appollo999
|t:|1750720254
|gametype|doubles
|player|p1|i love shenai|shadowtriad|
|player|p2|appollo999|265|
|teamsize|p1|6
|teamsize|p2|6
|gen|9
|tier|[Gen 9] VGC 2025 Reg I
|rule|Species Clause: Limit one of each Pokémon
|rule|Item Clause: Limit 1 of each item
|clearpoke
|poke|p1|Brute Bonnet, L50|
|poke|p1|Calyrex-Shadow, L50|
|poke|p1|Chi-Yu, L50|
|poke|p1|Raging Bolt, L50|
|poke|p1|Koraidon, L50|
|poke|p1|Whimsicott, L50, M|
|poke|p2|Zamazenta-*, L50|
|poke|p2|Calyrex-Shadow, L50|
|poke|p2|Tornadus, L50, M|
|poke|p2|Urshifu-*, L50, F|
|poke|p2|Rillaboom, L50, M|
|poke|p2|Chien-Pao, L50|
|teampreview|4
appollo999 rejected open team sheets.
|
|t:|1750720284
|start
|switch|p1a: Calyrex|Calyrex-Shadow, L50|100/100
|switch|p1b: Chi-Yu|Chi-Yu, L50|100/100
|switch|p2a: Tornadus|Tornadus, L50, M|100/100
|switch|p2b: Urshifu|Urshifu-Rapid-Strike, L50, F|100/100
|-ability|p1a: Calyrex|As One
|-ability|p1a: Calyrex|Unnerve
|-ability|p1b: Chi-Yu|Beads of Ruin
|turn|1
|
|t:|1750720295
|move|p2a: Tornadus|Tailwind|p2a: Tornadus
|-sidestart|p2: appollo999|move: Tailwind
|move|p2b: Urshifu|Surging Strikes|p1a: Calyrex
|-crit|p1a: Calyrex
|-damage|p1a: Calyrex|72/100
|-crit|p1a: Calyrex
|-damage|p1a: Calyrex|40/100
|-crit|p1a: Calyrex
|-damage|p1a: Calyrex|11/100
|-hitcount|p1a: Calyrex|3
|move|p1b: Chi-Yu|Dark Pulse|p2a: Tornadus
|-damage|p2a: Tornadus|42/100
|move|p1a: Calyrex|Astral Barrage|p2b: Urshifu|[spread] p2a,p2b
|-damage|p2a: Tornadus|0 fnt
|-damage|p2b: Urshifu|0 fnt
|faint|p2a: Tornadus
|faint|p2b: Urshifu
|-ability|p1a: Calyrex|Grim Neigh|boost
|-boost|p1a: Calyrex|spa|2
|
|upkeep
|
|t:|1750720305
|switch|p2b: Chien-Pao|Chien-Pao, L50|100/100
|switch|p2a: Zamazenta|Zamazenta-Crowned, L50|100/100
|-ability|p2b: Chien-Pao|Sword of Ruin
|-ability|p2a: Zamazenta|Dauntless Shield|boost
|-boost|p2a: Zamazenta|def|1
|turn|2
|c|☆appollo999|rolagem baixa é fd
|
|t:|1750720320
|move|p1a: Calyrex|Protect|p1a: Calyrex
|-singleturn|p1a: Calyrex|Protect
|move|p2b: Chien-Pao|Sucker Punch||[still]
|-fail|p2b: Chien-Pao
|move|p2a: Zamazenta|Body Press|p1b: Chi-Yu
|-supereffective|p1b: Chi-Yu
|-damage|p1b: Chi-Yu|0 fnt
|faint|p1b: Chi-Yu
|
|upkeep
|
|t:|1750720327
|switch|p1b: Koraidon|Koraidon, L50|100/100
|-weather|SunnyDay|[from] ability: Orichalcum Pulse|[of] p1b: Koraidon
|-activate|p1b: Koraidon|Orichalcum Pulse|[source]
|turn|3
|
|t:|1750720375
|-terastallize|p2a: Zamazenta|Ghost
|-terastallize|p1b: Koraidon|Fire
|move|p2b: Chien-Pao|Ice Shard|p1a: Calyrex
|-damage|p1a: Calyrex|0 fnt
|faint|p1a: Calyrex
|-damage|p2b: Chien-Pao|91/100|[from] item: Life Orb
|move|p2a: Zamazenta|Body Press|p1b: Koraidon
|-damage|p1b: Koraidon|27/100
|move|p1b: Koraidon|Flare Blitz|p2a: Zamazenta
|-damage|p2a: Zamazenta|6/100
|-status|p2a: Zamazenta|brn
|-damage|p1b: Koraidon|0 fnt|[from] Recoil
|faint|p1b: Koraidon
|
|-weather|SunnyDay|[upkeep]
|-damage|p2a: Zamazenta|0 fnt|[from] brn
|faint|p2a: Zamazenta
|upkeep
|
|t:|1750720379
|switch|p1a: Raging Bolt|Raging Bolt, L50|100/100
|-activate|p1a: Raging Bolt|ability: Protosynthesis
|-start|p1a: Raging Bolt|protosynthesisspa
|turn|4
|
|t:|1750720393
|move|p1a: Raging Bolt|Thunderclap|p2b: Chien-Pao
|-damage|p2b: Chien-Pao|5/100
|move|p2b: Chien-Pao|Icicle Crash|p1a: Raging Bolt
|-supereffective|p1a: Raging Bolt
|-damage|p1a: Raging Bolt|0 fnt
|faint|p1a: Raging Bolt
|-end|p1a: Raging Bolt|Protosynthesis|[silent]
|-damage|p2b: Chien-Pao|0 fnt|[from] item: Life Orb
|faint|p2b: Chien-Pao
|
|win|appollo999
