|j|☆ross1234567
|j|☆tte - soprtd
|t:|1750835364
|gametype|doubles
|player|p1|ross1234567|steven|1155
|player|p2|tte - soprtd|caitlin|1142
|teamsize|p1|6
|teamsize|p2|6
|gen|9
|tier|[Gen 9] VGC 2025 Reg I
|rated|
|rule|Species Clause: Limit one of each Pokémon
|rule|Item Clause: Limit 1 of each item
|clearpoke
|poke|p1|Ho-Oh, L50|
|poke|p1|Lunala, L50|
|poke|p1|Ursaluna, L50, F|
|poke|p1|Incineroar, L50, M|
|poke|p1|Indeedee-F, L50, F|
|poke|p1|Grimmsnarl, L50, M|
|poke|p2|Necrozma-Dusk-Mane, L50|
|poke|p2|Gothitelle, L50, M|
|poke|p2|Hatterene, L50, F|
|poke|p2|Kingambit, L50, M|
|poke|p2|Politoed, L50, M|
|poke|p2|Palkia, L50|
|teampreview|4
|inactive|Battle timer is ON: inactive players will automatically lose when time's up. (requested by tte - soprtd)
|inactive|ross1234567 has 60 seconds left.
|
|t:|1750835407
|start
|switch|p1a: Ho-Oh|Ho-Oh, L50, shiny|100/100
|switch|p1b: Ursaluna|Ursaluna, L50, F, shiny|100/100
|switch|p2a: Necrozma|Necrozma-Dusk-Mane, L50|100/100
|switch|p2b: Gothitelle|Gothitelle, L50, M|100/100
|turn|1
|inactive|tte - soprtd has 30 seconds left.
|
|t:|1750835442
|move|p1a: Ho-Oh|Protect|p1a: Ho-Oh
|-singleturn|p1a: Ho-Oh|Protect
|move|p2b: Gothitelle|Fake Out|p1a: Ho-Oh
|-activate|p1a: Ho-Oh|move: Protect
|move|p2a: Necrozma|Knock Off|p1b: Ursaluna
|-damage|p1b: Ursaluna|71/100
|-enditem|p1b: Ursaluna|Flame Orb|[from] move: Knock Off|[of] p2a: Necrozma
|move|p1b: Ursaluna|Earthquake|p2b: Gothitelle|[spread] p2a,p2b
|-activate|p1a: Ho-Oh|move: Protect
|-supereffective|p2a: Necrozma
|-damage|p2a: Necrozma|52/100
|-damage|p2b: Gothitelle|60/100
|
|upkeep
|turn|2
|
|t:|1750835460
|move|p1a: Ho-Oh|Sacred Fire|p2a: Necrozma
|-supereffective|p2a: Necrozma
|-damage|p2a: Necrozma|0 fnt
|faint|p2a: Necrozma
|move|p1b: Ursaluna|Earthquake|p2b: Gothitelle|[spread] p2b
|-immune|p1a: Ho-Oh
|-damage|p2b: Gothitelle|17/100
|move|p2b: Gothitelle|Taunt|p1b: Ursaluna
|-start|p1b: Ursaluna|move: Taunt
|
|upkeep
|
|t:|1750835471
|switch|p2a: Hatterene|Hatterene, L50, F, shiny|100/100
|turn|3
|
|t:|1750835479
|move|p1a: Ho-Oh|Sacred Fire|p2a: Hatterene
|-damage|p2a: Hatterene|40/100
|-status|p2a: Hatterene|brn
|move|p1b: Ursaluna|Earthquake|p2b: Gothitelle|[spread] p2a,p2b
|-immune|p1a: Ho-Oh
|-damage|p2a: Hatterene|0 fnt
|-damage|p2b: Gothitelle|0 fnt
|faint|p2a: Hatterene
|faint|p2b: Gothitelle
|
|upkeep
|inactive|tte - soprtd has 30 seconds left.
|inactive|tte - soprtd has 20 seconds left.
|-message|tte - soprtd forfeited.
|
|win|ross1234567
|raw|ross1234567's rating: 1155 &rarr; <strong>1179</strong><br />(+24 for winning)
|raw|tte - soprtd's rating: 1142 &rarr; <strong>1118</strong><br />(-24 for losing)
|l|☆tte - soprtd
|player|p2|
|l|☆ross1234567
|player|p1|
