|j|☆poiqwe123
|j|☆kennon69
|t:|1750800530
|gametype|doubles
|player|p1|poiqwe123|lance|1174
|player|p2|kennon69|1|1238
|teamsize|p1|6
|teamsize|p2|6
|gen|9
|tier|[Gen 9] VGC 2025 Reg I
|rated|
|rule|Species Clause: Limit one of each Pokémon
|rule|Item Clause: Limit 1 of each item
|clearpoke
|poke|p1|Miraidon, L50|
|poke|p1|Urshifu-*, L50, M|
|poke|p1|Incineroar, L50, M|
|poke|p1|Ogerpon-Hearthflame, L50, F|
|poke|p1|Grimmsnarl, L50, M|
|poke|p1|Calyrex-Shadow, L50|
|poke|p2|Ceruledge, L50, F|
|poke|p2|Groudon, L50|
|poke|p2|Miraidon, L50|
|poke|p2|Incineroar, L50, M|
|poke|p2|Urshifu-*, L50, F|
|poke|p2|Grimmsnarl, L50, M|
|teampreview|4
|inactive|Battle timer is ON: inactive players will automatically lose when time's up. (requested by kennon69)
|inactive|kennon69 has 60 seconds left.
|inactive|kennon69 has 30 seconds left.
|
|t:|1750800598
|start
|switch|p1a: Miraidon|Miraidon, L50|100/100
|switch|p1b: Ogerpon|Ogerpon-Hearthflame, L50, F|100/100
|switch|p2a: Ceruledge|Ceruledge, L50, F|100/100
|switch|p2b: Groudon|Groudon, L50|100/100
|-fieldstart|move: Electric Terrain|[from] ability: Hadron Engine|[of] p1a: Miraidon
|-ability|p1b: Ogerpon|Mold Breaker
|-weather|SunnyDay|[from] ability: Drought|[of] p2b: Groudon
|turn|1
|inactive|kennon69 has 30 seconds left.
|
|t:|1750800623
|-terastallize|p2a: Ceruledge|Grass
|move|p1b: Ogerpon|Follow Me|p1b: Ogerpon
|-singleturn|p1b: Ogerpon|move: Follow Me
|move|p2a: Ceruledge|Flare Blitz|p1b: Ogerpon
|-crit|p1b: Ogerpon
|-damage|p1b: Ogerpon|0 fnt
|faint|p1b: Ogerpon
|-damage|p2a: Ceruledge|59/100|[from] Recoil
|move|p1a: Miraidon|Draco Meteor|p2b: Groudon
|-damage|p2b: Groudon|19/100
|-unboost|p1a: Miraidon|spa|2
|move|p2b: Groudon|Precipice Blades|p1a: Miraidon
|-supereffective|p1a: Miraidon
|-damage|p1a: Miraidon|0 fnt
|faint|p1a: Miraidon
|
|-weather|SunnyDay|[upkeep]
|upkeep
|
|t:|1750800636
|switch|p1a: Incineroar|Incineroar, L50, M|100/100
|switch|p1b: Calyrex|Calyrex-Shadow, L50|100/100
|-ability|p1b: Calyrex|As One
|-ability|p1b: Calyrex|Unnerve
|-ability|p1a: Incineroar|Intimidate|boost
|-unboost|p2a: Ceruledge|atk|1
|-unboost|p2b: Groudon|atk|1
|turn|2
|
|t:|1750800647
|switch|p2a: Incineroar|Incineroar, L50, M|100/100
|-ability|p2a: Incineroar|Intimidate|boost
|-unboost|p1a: Incineroar|atk|1
|-unboost|p1b: Calyrex|atk|1
|move|p1a: Incineroar|Fake Out|p2a: Incineroar
|-damage|p2a: Incineroar|95/100
|move|p1b: Calyrex|Astral Barrage|p2b: Groudon|[spread] p2a,p2b
|-resisted|p2a: Incineroar
|-damage|p2a: Incineroar|73/100
|-damage|p2b: Groudon|0 fnt
|faint|p2b: Groudon
|-ability|p1b: Calyrex|Grim Neigh|boost
|-boost|p1b: Calyrex|spa|1
|
|-weather|SunnyDay|[upkeep]
|upkeep
|
|t:|1750800661
|switch|p2b: Ceruledge|Ceruledge, L50, F, tera:Grass|59/100
|turn|3
|inactive|kennon69 has 30 seconds left.
|
|t:|1750800689
|move|p1b: Calyrex|Protect|p1b: Calyrex
|-singleturn|p1b: Calyrex|Protect
|move|p2b: Ceruledge|Flare Blitz|p1b: Calyrex
|-activate|p1b: Calyrex|move: Protect
|move|p2a: Incineroar|Knock Off|p1b: Calyrex
|-activate|p1b: Calyrex|move: Protect
|move|p1a: Incineroar|Flare Blitz|p2b: Ceruledge
|-start|p2b: Ceruledge|ability: Flash Fire
|
|-weather|SunnyDay|[upkeep]
|upkeep
|turn|4
|
|t:|1750800710
|move|p2b: Ceruledge|Flare Blitz|p1b: Calyrex
|-enditem|p1b: Calyrex|Focus Sash
|-damage|p1b: Calyrex|1/100
|-damage|p2b: Ceruledge|21/100|[from] Recoil
|move|p1b: Calyrex|Astral Barrage|p2a: Incineroar|[spread] p2a,p2b
|-resisted|p2a: Incineroar
|-damage|p2a: Incineroar|40/100
|-damage|p2b: Ceruledge|0 fnt
|faint|p2b: Ceruledge
|-ability|p1b: Calyrex|Grim Neigh|boost
|-boost|p1b: Calyrex|spa|1
|move|p2a: Incineroar|Knock Off|p1b: Calyrex
|-supereffective|p1b: Calyrex
|-damage|p1b: Calyrex|0 fnt
|-enditem|p2a: Incineroar|Sitrus Berry|[eat]
|-heal|p2a: Incineroar|65/100|[from] item: Sitrus Berry
|faint|p1b: Calyrex
|move|p1a: Incineroar|Knock Off|p2a: Incineroar
|-resisted|p2a: Incineroar
|-damage|p2a: Incineroar|57/100
|
|-weather|SunnyDay|[upkeep]
|upkeep
|-message|poiqwe123 forfeited.
|
|win|kennon69
|raw|poiqwe123's rating: 1174 &rarr; <strong>1154</strong><br />(-20 for losing)
|raw|kennon69's rating: 1238 &rarr; <strong>1258</strong><br />(+20 for winning)
|l|☆poiqwe123
|player|p1|
|l|☆kennon69
|player|p2|
