|j|☆Fatsoju
|j|☆Dinosword9600
|t:|1750790521
|gametype|doubles
|player|p1|Fatsoju|cynthia-gen4|1284
|player|p2|Dinosword9600|lucas-gen4pt|1315
|teamsize|p1|6
|teamsize|p2|6
|gen|9
|tier|[Gen 9] VGC 2025 Reg I
|rated|
|rule|Species Clause: Limit one of each Pokémon
|rule|Item Clause: Limit 1 of each item
|clearpoke
|poke|p1|Kyogre, L50|
|poke|p1|Tornadus, L50, M|
|poke|p1|Miraidon, L50|
|poke|p1|Iron Hands, L50|
|poke|p1|Tsareena, L50, F|
|poke|p1|Urshifu-*, L50, M|
|poke|p2|Calyrex-Shadow, L50|
|poke|p2|Amoonguss, L50, M|
|poke|p2|Zamazenta-*, L50|
|poke|p2|Incineroar, L50, F|
|poke|p2|Chien-Pao, L50|
|poke|p2|Tornadus, L50, M|
|teampreview|4
|l|☆Fatsoju
|player|p1|
|j|☆Fatsoju
|player|p1|Fatsoju|cynthia-gen4|
|l|☆Fatsoju
|player|p1|
|inactive|Battle timer is ON: inactive players will automatically lose when time's up. (requested by Dinosword9600)
|j|☆Fatsoju
|inactive|Fatsoju reconnected and has 90 seconds left.
|player|p1|Fatsoju|cynthia-gen4|
|
|t:|1750790543
|start
|switch|p1a: Urshifu|Urshifu-Rapid-Strike, L50, M|100/100
|switch|p1b: Tornadus|Tornadus, L50, M, shiny|100/100
|switch|p2a: Calyrex|Calyrex-Shadow, L50|100/100
|switch|p2b: Tornadus|Tornadus, L50, M|100/100
|-ability|p2a: Calyrex|As One
|-ability|p2a: Calyrex|Unnerve
|turn|1
|l|☆Fatsoju
|inactive|Fatsoju disconnected and has a minute to reconnect!
|player|p1|
|j|☆Fatsoju
|inactive|Fatsoju reconnected and has 45 seconds left.
|player|p1|Fatsoju|cynthia-gen4|
|l|☆Fatsoju
|inactive|Fatsoju disconnected and has a minute to reconnect!
|player|p1|
|
|t:|1750790568
|move|p1b: Tornadus|Tailwind|p1b: Tornadus
|-sidestart|p1: Fatsoju|move: Tailwind
|move|p2b: Tornadus|Tailwind|p2b: Tornadus
|-sidestart|p2: Dinosword9600|move: Tailwind
|move|p2a: Calyrex|Astral Barrage|p1a: Urshifu|[spread] p1a,p1b
|-damage|p1a: Urshifu|0 fnt
|-damage|p1b: Tornadus|9/100
|faint|p1a: Urshifu
|-ability|p2a: Calyrex|Grim Neigh|boost
|-boost|p2a: Calyrex|spa|1
|-damage|p2a: Calyrex|91/100|[from] item: Life Orb
|
|upkeep
|j|☆Fatsoju
|inactive|Fatsoju reconnected and has 55 seconds left.
|player|p1|Fatsoju|cynthia-gen4|
|l|☆Fatsoju
|inactive|Fatsoju disconnected and has a minute to reconnect!
|player|p1|
|j|☆Fatsoju
|inactive|Fatsoju reconnected and has 45 seconds left.
|player|p1|Fatsoju|cynthia-gen4|
|
|t:|1750790580
|switch|p1a: Miraidon|Miraidon, L50|100/100
|-fieldstart|move: Electric Terrain|[from] ability: Hadron Engine|[of] p1a: Miraidon
|turn|2
|l|☆Fatsoju
|inactive|Fatsoju disconnected and has a minute to reconnect!
|player|p1|
|j|☆Fatsoju
|inactive|Fatsoju reconnected and has 45 seconds left.
|player|p1|Fatsoju|cynthia-gen4|
|
|t:|1750790596
|-terastallize|p1a: Miraidon|Fairy
|move|p2a: Calyrex|Protect|p2a: Calyrex
|-singleturn|p2a: Calyrex|Protect
|move|p1a: Miraidon|Dazzling Gleam|p2b: Tornadus|[spread] p2b
|-activate|p2a: Calyrex|move: Protect
|-damage|p2b: Tornadus|32/100
|-damage|p1a: Miraidon|91/100|[from] item: Life Orb
|move|p1b: Tornadus|Hurricane|p2a: Calyrex
|-activate|p2a: Calyrex|move: Protect
|move|p2b: Tornadus|Icy Wind|p1a: Miraidon|[spread] p1a,p1b
|-supereffective|p1b: Tornadus
|-damage|p1a: Miraidon|80/100
|-damage|p1b: Tornadus|0 fnt
|-unboost|p1a: Miraidon|spe|1
|faint|p1b: Tornadus
|
|upkeep
|
|t:|1750790601
|switch|p1b: Kyogre|Kyogre, L50, shiny|100/100
|-weather|RainDance|[from] ability: Drizzle|[of] p1b: Kyogre
|turn|3
|l|☆Fatsoju
|inactive|Fatsoju disconnected and has a minute to reconnect!
|player|p1|
|j|☆Fatsoju
|inactive|Fatsoju reconnected and has 45 seconds left.
|player|p1|Fatsoju|cynthia-gen4|
|l|☆Fatsoju
|inactive|Fatsoju disconnected and has a minute to reconnect!
|player|p1|
|j|☆Fatsoju
|inactive|Fatsoju reconnected.
|player|p1|Fatsoju|cynthia-gen4|
|
|t:|1750790623
|-terastallize|p2a: Calyrex|Fairy
|move|p2a: Calyrex|Astral Barrage|p1a: Miraidon|[spread] p1a,p1b
|-damage|p1a: Miraidon|0 fnt
|-damage|p1b: Kyogre|24/100
|faint|p1a: Miraidon
|-ability|p2a: Calyrex|Grim Neigh|boost
|-boost|p2a: Calyrex|spa|1
|-damage|p2a: Calyrex|81/100|[from] item: Life Orb
|move|p2b: Tornadus|Bleakwind Storm|p1b: Kyogre
|-damage|p1b: Kyogre|0 fnt
|faint|p1b: Kyogre
|
|win|Dinosword9600
|raw|Fatsoju's rating: 1284 &rarr; <strong>1261</strong><br />(-23 for losing)
|raw|Dinosword9600's rating: 1315 &rarr; <strong>1333</strong><br />(+18 for winning)
|l|☆Fatsoju
|player|p1|
