|j|☆bisharptoe6
|j|☆MakoGP
|t:|1750731904
|gametype|doubles
|player|p1|bisharptoe6|1|1064
|player|p2|MakoGP|elesa-masters2|1117
|teamsize|p1|6
|teamsize|p2|6
|gen|9
|tier|[Gen 9] VGC 2025 Reg I
|rated|
|rule|Species Clause: Limit one of each Pokémon
|rule|Item Clause: Limit 1 of each item
|clearpoke
|poke|p1|Mimikyu, L50, M|
|poke|p1|Farigiraf, L50, M|
|poke|p1|Calyrex-Ice, L50|
|poke|p1|Kyogre, L50|
|poke|p1|Kingambit, L50, F|
|poke|p1|Tornadus, L50, M|
|poke|p2|Lunala, L50|
|poke|p2|Miraidon, L50|
|poke|p2|Incineroar, L50, F|
|poke|p2|Rillaboom, L50, M|
|poke|p2|Urshifu-*, L50, M|
|poke|p2|Volcarona, L50, F|
|teampreview|4
|
|t:|1750731936
|start
|switch|p1a: Mimikyu|Mimikyu, L50, M|100/100
|switch|p1b: Kyogre|Kyogre, L50|100/100
|switch|p2a: Volcarona|Volcarona, L50, F|100/100
|switch|p2b: Miraidon|Miraidon, L50|100/100
|-fieldstart|move: Electric Terrain|[from] ability: Hadron Engine|[of] p2b: Miraidon
|-weather|RainDance|[from] ability: Drizzle|[of] p1b: Kyogre
|turn|1
|
|t:|1750731964
|move|p1b: Kyogre|Protect|p1b: Kyogre
|-singleturn|p1b: Kyogre|Protect
|move|p2b: Miraidon|Snarl|p1b: Kyogre|[spread] p1a
|-activate|p1b: Kyogre|move: Protect
|-activate|p1a: Mimikyu|ability: Disguise
|-damage|p1a: Mimikyu|100/100
|-unboost|p1a: Mimikyu|spa|1
|detailschange|p1a: Mimikyu|Mimikyu-Busted, L50, M
|-damage|p1a: Mimikyu|88/100|[from] pokemon: Mimikyu-Busted
|move|p2a: Volcarona|Fiery Dance|p1b: Kyogre
|-activate|p1b: Kyogre|move: Protect
|move|p1a: Mimikyu|Trick Room|p1a: Mimikyu
|-fieldstart|move: Trick Room|[of] p1a: Mimikyu
|
|-weather|RainDance|[upkeep]
|upkeep
|turn|2
|
|t:|1750731991
|switch|p2b: Lunala|Lunala, L50|100/100
|move|p2a: Volcarona|Rage Powder|p2a: Volcarona
|-singleturn|p2a: Volcarona|move: Rage Powder
|move|p1b: Kyogre|Ice Beam|p2a: Volcarona
|-resisted|p2a: Volcarona
|-damage|p2a: Volcarona|78/100
|-damage|p1b: Kyogre|91/100|[from] item: Life Orb
|move|p1a: Mimikyu|Play Rough|p2a: Volcarona
|-resisted|p2a: Volcarona
|-damage|p2a: Volcarona|65/100
|-damage|p1a: Mimikyu|71/100|[from] item: Rocky Helmet|[of] p2a: Volcarona
|
|-weather|RainDance|[upkeep]
|upkeep
|turn|3
|
|t:|1750732010
|-terastallize|p1b: Kyogre|Water
|move|p1a: Mimikyu|Shadow Sneak|p2b: Lunala
|-supereffective|p2b: Lunala
|-damage|p2b: Lunala|80/100
|move|p1b: Kyogre|Origin Pulse|p2a: Volcarona|[spread] p2a,p2b
|-supereffective|p2a: Volcarona
|-damage|p2a: Volcarona|0 fnt
|-damage|p2b: Lunala|0 fnt
|faint|p2a: Volcarona
|faint|p2b: Lunala
|-damage|p1b: Kyogre|81/100|[from] item: Life Orb
|
|-weather|RainDance|[upkeep]
|upkeep
|-message|MakoGP forfeited.
|
|win|bisharptoe6
|raw|bisharptoe6's rating: 1064 &rarr; <strong>1099</strong><br />(+35 for winning)
|raw|MakoGP's rating: 1117 &rarr; <strong>1088</strong><br />(-29 for losing)
|l|☆bisharptoe6
|player|p1|
