|j|☆johnkharkiv
|j|☆xuwang123
|t:|1750746487
|gametype|doubles
|player|p1|johnkharkiv|swimmerf-gen4dp|1437
|player|p2|xuwang123|101|1352
|teamsize|p1|6
|teamsize|p2|6
|gen|9
|tier|[Gen 9] VGC 2025 Reg I
|rated|
|rule|Species Clause: Limit one of each Pokémon
|rule|Item Clause: Limit 1 of each item
|clearpoke
|poke|p1|Ho-Oh, L50|
|poke|p1|Annihilape, L50, F|
|poke|p1|Electivire, L50, M|
|poke|p1|Whimsicott, L50, F|
|poke|p1|Indeedee-F, L50, F|
|poke|p1|Miraidon, L50|
|poke|p2|Calyrex-Ice, L50|
|poke|p2|Lunala, L50|
|poke|p2|Smeargle, L50, M|
|poke|p2|Urshifu-*, L50, F|
|poke|p2|Torkoal, L50, M|
|poke|p2|Indeedee-F, L50, F|
|teampreview|4
|
|t:|1750746531
|start
|switch|p1a: Annihilape|Annihilape, L50, F, shiny|100/100
|switch|p1b: Indeedee|Indeedee-F, L50, F, shiny|100/100
|switch|p2a: Lunala|Lunala, L50|100/100
|switch|p2b: Indeedee|Indeedee-F, L50, F|100/100
|-fieldstart|move: Psychic Terrain|[from] ability: Psychic Surge|[of] p1b: Indeedee
|turn|1
|inactive|Battle timer is ON: inactive players will automatically lose when time's up. (requested by johnkharkiv)
|
|t:|1750746566
|move|p2b: Indeedee|Follow Me|p2b: Indeedee
|-singleturn|p2b: Indeedee|move: Follow Me
|move|p1a: Annihilape|Final Gambit|p2b: Indeedee
|-damage|p2b: Indeedee|0 fnt
|faint|p1a: Annihilape
|faint|p2b: Indeedee
|move|p1b: Indeedee|Shadow Ball|p2a: Lunala
|-supereffective|p2a: Lunala
|-damage|p2a: Lunala|75/100
|move|p2a: Lunala|Trick Room|p2a: Lunala
|-fieldstart|move: Trick Room|[of] p2a: Lunala
|
|upkeep
|
|t:|1750746577
|switch|p2b: Torkoal|Torkoal, L50, M|100/100
|switch|p1a: Ho-Oh|Ho-Oh, L50, shiny|100/100
|-weather|SunnyDay|[from] ability: Drought|[of] p2b: Torkoal
|turn|2
|
|t:|1750746590
|-terastallize|p2b: Torkoal|Fire
|-terastallize|p1b: Indeedee|Fire
|move|p2b: Torkoal|Eruption|p1b: Indeedee|[spread] p1a,p1b
|-resisted|p1a: Ho-Oh
|-resisted|p1b: Indeedee
|-crit|p1b: Indeedee
|-damage|p1a: Ho-Oh|70/100
|-damage|p1b: Indeedee|0 fnt
|faint|p1b: Indeedee
|move|p2a: Lunala|Meteor Beam||[still]
|-prepare|p2a: Lunala|Meteor Beam
|-boost|p2a: Lunala|spa|1
|-enditem|p2a: Lunala|Power Herb
|-anim|p2a: Lunala|Meteor Beam|p1a: Ho-Oh
|-supereffective|p1a: Ho-Oh
|-damage|p1a: Ho-Oh|0 fnt
|faint|p1a: Ho-Oh
|
|-weather|SunnyDay|[upkeep]
|upkeep
|inactive|johnkharkiv has 30 seconds left.
|inactive|johnkharkiv has 20 seconds left.
|inactive|johnkharkiv has 15 seconds left.
|inactive|johnkharkiv has 10 seconds left.
|inactive|johnkharkiv has 5 seconds left.
|
|t:|1750746645
|switch|p1a: Electivire|Electivire, L50, M, shiny|100/100
|turn|3
|inactive|johnkharkiv has 30 seconds left.
|inactive|xuwang123 has 30 seconds left.
|inactive|johnkharkiv has 20 seconds left.
|inactive|xuwang123 has 20 seconds left.
|inactive|johnkharkiv has 15 seconds left.
|inactive|xuwang123 has 15 seconds left.
|inactive|johnkharkiv has 10 seconds left.
|inactive|xuwang123 has 10 seconds left.
|inactive|johnkharkiv has 5 seconds left.
|inactive|xuwang123 has 5 seconds left.
|
|t:|1750746700
|move|p2b: Torkoal|Eruption|p1a: Electivire
|-crit|p1a: Electivire
|-damage|p1a: Electivire|0 fnt
|faint|p1a: Electivire
|
|win|xuwang123
|raw|johnkharkiv's rating: 1437 &rarr; <strong>1412</strong><br />(-25 for losing)
|raw|xuwang123's rating: 1352 &rarr; <strong>1377</strong><br />(+25 for winning)
|l|☆xuwang123
|player|p2|
