|j|☆Mahmoud09
|j|☆Rikje3
|t:|1750872783
|gametype|doubles
|player|p1|Mahmoud09|striker|1340
|player|p2|Rikje3|roxie|1320
|teamsize|p1|6
|teamsize|p2|6
|gen|9
|tier|[Gen 9] VGC 2025 Reg I
|rated|
|rule|Species Clause: Limit one of each Pokémon
|rule|Item Clause: Limit 1 of each item
|clearpoke
|poke|p1|Whimsicott, L50, M|
|poke|p1|Miraidon, L50|
|poke|p1|Raging Bolt, L50|
|poke|p1|Farigiraf, L50, F|
|poke|p1|Koraidon, L50|
|poke|p1|Iron Bundle, L50|
|poke|p2|Groudon, L50|
|poke|p2|Lunala, L50|
|poke|p2|Incineroar, L50, M|
|poke|p2|Raging Bolt, L50|
|poke|p2|Jumpluff, L50, F|
|poke|p2|Flutter Mane, L50|
|teampreview|4
|inactive|Battle timer is ON: inactive players will automatically lose when time's up. (requested by Rikje3)
|inactive|Rikje3 has 60 seconds left.
|
|t:|1750872834
|start
|switch|p1a: Whimsicott|Whimsicott, L50, M|100/100
|switch|p1b: Miraidon|Miraidon, L50|100/100
|switch|p2a: Jumpluff|Jumpluff, L50, F|100/100
|switch|p2b: Groudon|Groudon, L50|100/100
|-fieldstart|move: Electric Terrain|[from] ability: Hadron Engine|[of] p1b: Miraidon
|-weather|SunnyDay|[from] ability: Drought|[of] p2b: Groudon
|turn|1
|inactive|Rikje3 has 30 seconds left.
|
|t:|1750872866
|move|p2a: Jumpluff|Rage Powder|p2a: Jumpluff
|-singleturn|p2a: Jumpluff|move: Rage Powder
|move|p1a: Whimsicott|Taunt|p2a: Jumpluff
|-start|p2a: Jumpluff|move: Taunt
|move|p1b: Miraidon|Draco Meteor|p2a: Jumpluff
|-damage|p2a: Jumpluff|0 fnt
|-unboost|p1b: Miraidon|spa|2
|faint|p2a: Jumpluff
|move|p2b: Groudon|Precipice Blades|p1b: Miraidon|[spread] p1a,p1b
|-resisted|p1a: Whimsicott
|-supereffective|p1b: Miraidon
|-damage|p1a: Whimsicott|74/100
|-damage|p1b: Miraidon|0 fnt
|faint|p1b: Miraidon
|
|-weather|SunnyDay|[upkeep]
|upkeep
|inactive|Mahmoud09 has 30 seconds left.
|inactive|Rikje3 has 30 seconds left.
|
|t:|1750872897
|switch|p1b: Koraidon|Koraidon, L50|100/100
|switch|p2a: Flutter Mane|Flutter Mane, L50|100/100
|-activate|p1b: Koraidon|ability: Orichalcum Pulse
|-activate|p2a: Flutter Mane|ability: Protosynthesis
|-start|p2a: Flutter Mane|protosynthesisspe
|turn|2
|inactive|Rikje3 has 30 seconds left.
|
|t:|1750872927
|-terastallize|p1b: Koraidon|Fire
|move|p2b: Groudon|Protect|p2b: Groudon
|-singleturn|p2b: Groudon|Protect
|move|p1a: Whimsicott|Tailwind|p1a: Whimsicott
|-sidestart|p1: Mahmoud09|move: Tailwind
|move|p1b: Koraidon|Close Combat|p2b: Groudon
|-activate|p2b: Groudon|move: Protect
|move|p2a: Flutter Mane|Shadow Ball|p1b: Koraidon
|-damage|p1b: Koraidon|54/100
|
|-weather|SunnyDay|[upkeep]
|upkeep
|turn|3
|inactive|Mahmoud09 has 30 seconds left.
|inactive|Rikje3 has 30 seconds left.
|inactive|Mahmoud09 has 20 seconds left.
|
|t:|1750872966
|move|p1a: Whimsicott|Fake Tears|p2a: Flutter Mane
|-unboost|p2a: Flutter Mane|spd|2
|move|p1b: Koraidon|Close Combat|p2b: Groudon
|-damage|p2b: Groudon|37/100
|-unboost|p1b: Koraidon|def|1
|-unboost|p1b: Koraidon|spd|1
|move|p2a: Flutter Mane|Moonblast|p1a: Whimsicott
|-damage|p1a: Whimsicott|11/100
|move|p2b: Groudon|Precipice Blades|p1b: Koraidon|[spread] p1a,p1b
|-resisted|p1a: Whimsicott
|-supereffective|p1b: Koraidon
|-damage|p1a: Whimsicott|0 fnt
|-damage|p1b: Koraidon|0 fnt
|faint|p1a: Whimsicott
|faint|p1b: Koraidon
|
|-weather|SunnyDay|[upkeep]
|upkeep
|-message|Mahmoud09 forfeited.
|
|win|Rikje3
|raw|Mahmoud09's rating: 1340 &rarr; <strong>1319</strong><br />(-21 for losing)
|raw|Rikje3's rating: 1320 &rarr; <strong>1341</strong><br />(+21 for winning)
|l|☆Mahmoud09
|player|p1|
|l|☆Rikje3
|player|p2|
