|j|☆szoob busziness
|j|☆TTE - SOPRTD
|t:|1750828185
|gametype|doubles
|player|p1|szoob busziness|miku-ground|1148
|player|p2|TTE - SOPRTD|caitlin|1040
|teamsize|p1|6
|teamsize|p2|6
|gen|9
|tier|[Gen 9] VGC 2025 Reg I
|rated|
|rule|Species Clause: Limit one of each Pokémon
|rule|Item Clause: Limit 1 of each item
|clearpoke
|poke|p1|Regidrago, L50|
|poke|p1|Necrozma-Dawn-Wings, L50|
|poke|p1|Walking Wake, L50|
|poke|p1|Regieleki, L50|
|poke|p1|Indeedee-F, L50, F|
|poke|p1|Koraidon, L50|
|poke|p2|Necrozma-Dusk-Mane, L50|
|poke|p2|Gothitelle, L50, F|
|poke|p2|Hatterene, L50, F|
|poke|p2|Kingambit, L50, F|
|poke|p2|Politoed, L50, F|
|poke|p2|Palkia, L50|
|teampreview|4
|inactive|Battle timer is ON: inactive players will automatically lose when time's up. (requested by TTE - SOPRTD)
|inactive|TTE - SOPRTD has 60 seconds left.
|inactive|TTE - SOPRTD has 30 seconds left.
|inactive|TTE - SOPRTD has 20 seconds left.
|
|t:|1750828261
|start
|switch|p1a: Regidrago|Regidrago, L50|100/100
|switch|p1b: Indeedee|Indeedee-F, L50, F|100/100
|switch|p2a: Necrozma|Necrozma-Dusk-Mane, L50|100/100
|switch|p2b: Gothitelle|Gothitelle, L50, F|100/100
|-fieldstart|move: Psychic Terrain|[from] ability: Psychic Surge|[of] p1b: Indeedee
|turn|1
|
|t:|1750828283
|switch|p2b: Hatterene|Hatterene, L50, F, shiny|100/100
|move|p1b: Indeedee|Helping Hand|p1a: Regidrago
|-singleturn|p1a: Regidrago|Helping Hand|[of] p1b: Indeedee
|move|p1a: Regidrago|Dragon Energy|p2a: Necrozma|[spread] p2a
|-immune|p2b: Hatterene
|-resisted|p2a: Necrozma
|-damage|p2a: Necrozma|52/100
|move|p2a: Necrozma|Sunsteel Strike|p1b: Indeedee
|-damage|p1b: Indeedee|17/100
|-enditem|p1b: Indeedee|Sitrus Berry|[eat]
|-heal|p1b: Indeedee|42/100|[from] item: Sitrus Berry
|
|upkeep
|turn|2
|
|t:|1750828301
|switch|p1a: Koraidon|Koraidon, L50|100/100
|-weather|SunnyDay|[from] ability: Orichalcum Pulse|[of] p1a: Koraidon
|-activate|p1a: Koraidon|Orichalcum Pulse|[source]
|move|p1b: Indeedee|Imprison|p1b: Indeedee
|-start|p1b: Indeedee|move: Imprison
|move|p2a: Necrozma|Photon Geyser|p1a: Koraidon
|-supereffective|p1a: Koraidon
|-damage|p1a: Koraidon|0 fnt
|faint|p1a: Koraidon
|cant|p2b: Hatterene|move: Imprison|Trick Room
|
|-weather|SunnyDay|[upkeep]
|upkeep
|
|t:|1750828315
|switch|p1a: Walking Wake|Walking Wake, L50|100/100
|-activate|p1a: Walking Wake|ability: Protosynthesis
|-start|p1a: Walking Wake|protosynthesisspe
|turn|3
|
|t:|1750828331
|-terastallize|p1a: Walking Wake|Normal
|-terastallize|p2b: Hatterene|Fairy
|move|p1b: Indeedee|Helping Hand|p1a: Walking Wake
|-singleturn|p1a: Walking Wake|Helping Hand|[of] p1b: Indeedee
|move|p1a: Walking Wake|Snarl|p2b: Hatterene|[spread] p2a,p2b
|-supereffective|p2a: Necrozma
|-resisted|p2b: Hatterene
|-damage|p2a: Necrozma|13/100
|-damage|p2b: Hatterene|85/100
|-unboost|p2b: Hatterene|spa|1
|move|p2a: Necrozma|Sunsteel Strike|p1b: Indeedee
|-damage|p1b: Indeedee|0 fnt
|faint|p1b: Indeedee
|move|p2b: Hatterene|Dazzling Gleam|p1a: Walking Wake
|-damage|p1a: Walking Wake|38/100
|-damage|p2b: Hatterene|75/100|[from] item: Life Orb
|
|-weather|SunnyDay|[upkeep]
|upkeep
|-message|szoob busziness forfeited.
|
|win|TTE - SOPRTD
|raw|szoob busziness's rating: 1148 &rarr; <strong>1115</strong><br />(-33 for losing)
|raw|TTE - SOPRTD's rating: 1040 &rarr; <strong>1084</strong><br />(+44 for winning)
|l|☆szoob busziness
|player|p1|
