|j|☆HarrietThugman
|j|☆neuroaxial
|t:|1750873084
|gametype|doubles
|player|p1|HarrietThugman|102|1156
|player|p2|neuroaxial|101|1046
|teamsize|p1|6
|teamsize|p2|6
|gen|9
|tier|[Gen 9] VGC 2025 Reg I
|rated|
|rule|Species Clause: Limit one of each Pokémon
|rule|Item Clause: Limit 1 of each item
|clearpoke
|poke|p1|Calyrex-Shadow, L50|
|poke|p1|Chi-Yu, L50|
|poke|p1|Minior, L50|
|poke|p1|Zacian-*, L50|
|poke|p1|Flutter Mane, L50|
|poke|p1|Rillaboom, L50, F|
|poke|p2|Amoonguss, L50, F|
|poke|p2|Calyrex-Ice, L50|
|poke|p2|Kyogre, L50|
|poke|p2|Grimmsnarl, L50, M|
|poke|p2|Flutter Mane, L50|
|poke|p2|Basculegion, L50, M|
|teampreview|4
|inactive|Battle timer is ON: inactive players will automatically lose when time's up. (requested by neuroaxial)
|
|t:|1750873099
|start
|switch|p1a: Minior|Minior, L50, shiny|100/100
|switch|p1b: Rillaboom|Rillaboom, L50, F|100/100
|switch|p2a: Grimmsnarl|Grimmsnarl, L50, M|100/100
|switch|p2b: Flutter Mane|Flutter Mane, L50|100/100
|-fieldstart|move: Grassy Terrain|[from] ability: Grassy Surge|[of] p1b: Rillaboom
|-formechange|p1a: Minior|Minior-Meteor||[from] ability: Shields Down
|turn|1
|-message|neuroaxial forfeited.
|
|win|HarrietThugman
|raw|HarrietThugman's rating: 1156 &rarr; <strong>1173</strong><br />(+17 for winning)
|raw|neuroaxial's rating: 1046 &rarr; <strong>1034</strong><br />(-12 for losing)
|l|☆neuroaxial
|player|p2|
