|j|☆Snoboh
|j|☆mjknonin
|t:|1750799263
|gametype|doubles
|player|p1|Snoboh|gentleman-gen4|1077
|player|p2|mjknonin|266|1127
|teamsize|p1|6
|teamsize|p2|6
|gen|9
|tier|[Gen 9] VGC 2025 Reg I
|rated|
|rule|Species Clause: Limit one of each Pokémon
|rule|Item Clause: Limit 1 of each item
|clearpoke
|poke|p1|Sableye, L50, M|
|poke|p1|Slowpoke, L50, M|
|poke|p1|Indeedee-F, L50, F|
|poke|p1|Torkoal, L50, M|
|poke|p1|Urshifu-*, L50, F|
|poke|p1|Gastrodon, L50, F|
|poke|p2|Calyrex-Shadow, L50|
|poke|p2|Koraidon, L50|
|poke|p2|Scream Tail, L50|
|poke|p2|Incineroar, L50, M|
|poke|p2|Amoonguss, L50, M|
|poke|p2|Ogerpon-Wellspring, L50, F|
|teampreview|4
|inactive|Battle timer is ON: inactive players will automatically lose when time's up. (requested by Snoboh)
|inactive|mjknonin has 60 seconds left.
|
|t:|1750799322
|start
|switch|p1a: Slowpoke|Slowpoke, L50, M|100/100
|switch|p1b: Indeedee|Indeedee-F, L50, F|100/100
|switch|p2a: Koraidon|Koraidon, L50|100/100
|switch|p2b: Calyrex|Calyrex-Shadow, L50|100/100
|-ability|p2b: Calyrex|As One
|-ability|p2b: Calyrex|Unnerve
|-weather|SunnyDay|[from] ability: Orichalcum Pulse|[of] p2a: Koraidon
|-activate|p2a: Koraidon|Orichalcum Pulse|[source]
|-fieldstart|move: Psychic Terrain|[from] ability: Psychic Surge|[of] p1b: Indeedee
|turn|1
|
|t:|1750799333
|-terastallize|p2a: Koraidon|Fire
|move|p1b: Indeedee|Follow Me|p1b: Indeedee
|-singleturn|p1b: Indeedee|move: Follow Me
|move|p2b: Calyrex|Astral Barrage|p1b: Indeedee|[spread] p1a
|-immune|p1b: Indeedee
|-supereffective|p1a: Slowpoke
|-damage|p1a: Slowpoke|0 fnt
|faint|p1a: Slowpoke
|-ability|p2b: Calyrex|Grim Neigh|boost
|-boost|p2b: Calyrex|spa|1
|move|p2a: Koraidon|Flare Blitz|p1b: Indeedee
|-damage|p1b: Indeedee|0 fnt
|faint|p1b: Indeedee
|-damage|p2a: Koraidon|71/100|[from] Recoil
|-damage|p2a: Koraidon|61/100|[from] item: Life Orb
|
|-weather|SunnyDay|[upkeep]
|upkeep
|-message|Snoboh forfeited.
|
|win|mjknonin
|raw|Snoboh's rating: 1077 &rarr; <strong>1059</strong><br />(-18 for losing)
|raw|mjknonin's rating: 1127 &rarr; <strong>1148</strong><br />(+21 for winning)
|l|☆Snoboh
|player|p1|
|l|☆mjknonin
|player|p2|
