|j|☆Veryskillguy
|j|☆NobleHermes
|t:|1750714171
|gametype|doubles
|player|p1|Veryskillguy|1|1235
|player|p2|NobleHermes|blue|1259
|teamsize|p1|6
|teamsize|p2|6
|gen|9
|tier|[Gen 9] VGC 2025 Reg I
|rated|
|rule|Species Clause: Limit one of each Pokémon
|rule|Item Clause: Limit 1 of each item
|clearpoke
|poke|p1|Zapdos-Galar, L50|
|poke|p1|Groudon, L50|
|poke|p1|Incineroar, L50, F|
|poke|p1|Lunala, L50|
|poke|p1|Amoonguss, L50, F|
|poke|p1|Raging Bolt, L50|
|poke|p2|Miraidon, L50|
|poke|p2|Lunala, L50|
|poke|p2|Incineroar, L50, F|
|poke|p2|Sneasler, L50, M|
|poke|p2|Grimmsnarl, L50, M|
|poke|p2|Ursaluna, L50, M|
|teampreview|4
|inactive|Battle timer is ON: inactive players will automatically lose when time's up. (requested by NobleHermes)
|inactive|Veryskillguy also wants the timer to be on.
|
|t:|1750714200
|start
|switch|p1a: Zapdos|Zapdos-Galar, L50|100/100
|switch|p1b: Groudon|Groudon, L50|100/100
|switch|p2a: Sneasler|Sneasler, L50, M|100/100
|switch|p2b: Miraidon|Miraidon, L50|100/100
|-fieldstart|move: Electric Terrain|[from] ability: Hadron Engine|[of] p2b: Miraidon
|-enditem|p2a: Sneasler|Electric Seed
|-boost|p2a: Sneasler|def|1|[from] item: Electric Seed
|-weather|SunnyDay|[from] ability: Drought|[of] p1b: Groudon
|turn|1
|
|t:|1750714222
|move|p2a: Sneasler|Fake Out|p1b: Groudon
|-damage|p1b: Groudon|90/100
|move|p1a: Zapdos|Quick Guard|p1a: Zapdos
|-singleturn|p1a: Zapdos|Quick Guard
|move|p2b: Miraidon|Volt Switch|p1a: Zapdos
|-supereffective|p1a: Zapdos
|-enditem|p1a: Zapdos|Focus Sash
|-damage|p1a: Zapdos|1/100
|
|t:|1750714232
|switch|p2b: Lunala|Lunala, L50|100/100|[from] Volt Switch
|cant|p1b: Groudon|flinch
|
|-weather|SunnyDay|[upkeep]
|upkeep
|turn|2
|inactive|NobleHermes has 30 seconds left.
|inactive|NobleHermes has 20 seconds left.
|inactive|NobleHermes has 15 seconds left.
|
|t:|1750714277
|move|p2b: Lunala|Wide Guard|p2b: Lunala
|-singleturn|p2b: Lunala|Wide Guard
|move|p2a: Sneasler|Close Combat|p1b: Groudon
|-damage|p1b: Groudon|48/100
|-unboost|p2a: Sneasler|def|1
|-unboost|p2a: Sneasler|spd|1
|move|p1a: Zapdos|Coaching|p1b: Groudon
|-boost|p1b: Groudon|atk|1
|-boost|p1b: Groudon|def|1
|move|p1b: Groudon|Earthquake|p2a: Sneasler|[spread] 
|-activate|p2a: Sneasler|move: Wide Guard
|-activate|p2b: Lunala|move: Wide Guard
|-immune|p1a: Zapdos
|
|-weather|SunnyDay|[upkeep]
|upkeep
|turn|3
|-message|Veryskillguy forfeited.
|
|win|NobleHermes
|raw|Veryskillguy's rating: 1235 &rarr; <strong>1212</strong><br />(-23 for losing)
|raw|NobleHermes's rating: 1259 &rarr; <strong>1282</strong><br />(+23 for winning)
|l|☆Veryskillguy
|player|p1|
|l|☆NobleHermes
|player|p2|
