|j|☆Mindless_99
|j|☆Light_Sky.L
|t:|1750741536
|gametype|doubles
|player|p1|Mindless_99|1|1392
|player|p2|Light_Sky.L|266|1460
|teamsize|p1|6
|teamsize|p2|6
|gen|9
|tier|[Gen 9] VGC 2025 Reg I
|rated|
|rule|Species Clause: Limit one of each Pokémon
|rule|Item Clause: Limit 1 of each item
|clearpoke
|poke|p1|Weezing-Galar, L50, F|
|poke|p1|Calyrex-Shadow, L50|
|poke|p1|Incineroar, L50, F|
|poke|p1|Ogerpon-Wellspring, L50, F|
|poke|p1|Zamazenta-*, L50|
|poke|p1|Iron Bundle, L50|
|poke|p2|Miraidon, L50|
|poke|p2|Zacian-*, L50|
|poke|p2|Grimmsnarl, L50, M|
|poke|p2|Incineroar, L50, M|
|poke|p2|Wo-Chien, L50|
|poke|p2|Annihilape, L50, M|
|teampreview|4
|inactive|Battle timer is ON: inactive players will automatically lose when time's up. (requested by Light_Sky.L)
|inactive|Mindless_99 has 60 seconds left.
|inactive|Mindless_99 has 30 seconds left.
|inactive|Mindless_99 has 20 seconds left.
|inactive|Mindless_99 has 15 seconds left.
|inactive|Mindless_99 has 10 seconds left.
|inactive|Mindless_99 has 5 seconds left.
|
|t:|1750741630
|start
|switch|p1a: Weezing|Weezing-Galar, L50, F|100/100
|switch|p1b: Calyrex|Calyrex-Shadow, L50|100/100
|switch|p2a: Grimmsnarl|Grimmsnarl, L50, M|100/100
|switch|p2b: Incineroar|Incineroar, L50, M|100/100
|-ability|p1a: Weezing|Neutralizing Gas
|-ability|p1b: Calyrex|As One
|-ability|p1b: Calyrex|Unnerve
|turn|1
|inactive|Mindless_99 has 30 seconds left.
|
|t:|1750741658
|-terastallize|p1b: Calyrex|Ground
|move|p2b: Incineroar|Fake Out|p1a: Weezing
|-damage|p1a: Weezing|91/100
|move|p1b: Calyrex|Tera Blast|p2b: Incineroar|[anim] Tera Blast Ground
|-supereffective|p2b: Incineroar
|-damage|p2b: Incineroar|0 fnt
|faint|p2b: Incineroar
|-ability|p1b: Calyrex|Grim Neigh|boost
|-boost|p1b: Calyrex|spa|1
|move|p1a: Weezing|Taunt|p2a: Grimmsnarl
|-start|p2a: Grimmsnarl|move: Taunt
|cant|p2a: Grimmsnarl|move: Taunt|Light Screen
|
|upkeep
|-message|Light_Sky.L forfeited.
|
|win|Mindless_99
|raw|Mindless_99's rating: 1392 &rarr; <strong>1416</strong><br />(+24 for winning)
|raw|Light_Sky.L's rating: 1460 &rarr; <strong>1436</strong><br />(-24 for losing)
|l|☆Light_Sky.L
|player|p2|
|l|☆Mindless_99
|player|p1|
