|j|☆fyssqzh
|j|☆raezan
|t:|1750842606
|gametype|doubles
|player|p1|fyssqzh|dawn|1451
|player|p2|raezan|hugh|1508
|teamsize|p1|6
|teamsize|p2|6
|gen|9
|tier|[Gen 9] VGC 2025 Reg I
|rated|
|rule|Species Clause: Limit one of each Pokémon
|rule|Item Clause: Limit 1 of each item
|clearpoke
|poke|p1|Raging Bolt, L50|
|poke|p1|Urshifu-*, L50, M|
|poke|p1|Rayquaza, L50|
|poke|p1|Calyrex-Ice, L50|
|poke|p1|Iron Valiant, L50|
|poke|p1|Clefairy, L50, M|
|poke|p2|Incineroar, L50, F|
|poke|p2|Indeedee-F, L50, F|
|poke|p2|Calyrex-Shadow, L50|
|poke|p2|Brute Bonnet, L50|
|poke|p2|Koraidon, L50|
|poke|p2|Whimsicott, L50, M|
|teampreview|4
|inactive|Battle timer is ON: inactive players will automatically lose when time's up. (requested by fyssqzh)
|inactive|fyssqzh has 60 seconds left.
|
|t:|1750842649
|start
|switch|p1a: Rayquaza|Rayquaza, L50|100/100
|switch|p1b: Raging Bolt|Raging Bolt, L50|100/100
|switch|p2a: Koraidon|Koraidon, L50|100/100
|switch|p2b: Brute Bonnet|Brute Bonnet, L50|100/100
|-weather|SunnyDay|[from] ability: Orichalcum Pulse|[of] p2a: Koraidon
|-activate|p2a: Koraidon|Orichalcum Pulse|[source]
|-ability|p1a: Rayquaza|Air Lock
|turn|1
|
|t:|1750842672
|-terastallize|p2b: Brute Bonnet|Water
|move|p2a: Koraidon|Protect|p2a: Koraidon
|-singleturn|p2a: Koraidon|Protect
|move|p1a: Rayquaza|Dragon Ascent|p2b: Brute Bonnet
|-damage|p2b: Brute Bonnet|56/100
|-unboost|p1a: Rayquaza|def|1
|-unboost|p1a: Rayquaza|spd|1
|move|p1b: Raging Bolt|Thunderbolt|p2b: Brute Bonnet
|-supereffective|p2b: Brute Bonnet
|-damage|p2b: Brute Bonnet|0 fnt
|faint|p2b: Brute Bonnet
|-end|p2b: Brute Bonnet|Protosynthesis|[silent]
|-damage|p1b: Raging Bolt|91/100|[from] item: Life Orb
|
|-weather|SunnyDay|[upkeep]
|upkeep
|
|t:|1750842690
|switch|p2b: Calyrex|Calyrex-Shadow, L50|100/100
|-ability|p2b: Calyrex|As One
|-ability|p2b: Calyrex|Unnerve
|turn|2
|
|t:|1750842709
|-terastallize|p1a: Rayquaza|Normal
|move|p2b: Calyrex|Psychic|p1a: Rayquaza
|-damage|p1a: Rayquaza|0 fnt
|faint|p1a: Rayquaza
|-activate|p1b: Raging Bolt|ability: Protosynthesis
|-start|p1b: Raging Bolt|protosynthesisspa
|-ability|p2b: Calyrex|Grim Neigh|boost
|-boost|p2b: Calyrex|spa|1
|-damage|p2b: Calyrex|91/100|[from] item: Life Orb
|move|p2a: Koraidon|Close Combat|p1b: Raging Bolt
|-damage|p1b: Raging Bolt|20/100
|-unboost|p2a: Koraidon|def|1
|-unboost|p2a: Koraidon|spd|1
|move|p1b: Raging Bolt|Draco Meteor|p2a: Koraidon
|-supereffective|p2a: Koraidon
|-damage|p2a: Koraidon|0 fnt
|-unboost|p1b: Raging Bolt|spa|2
|faint|p2a: Koraidon
|-damage|p1b: Raging Bolt|10/100|[from] item: Life Orb
|
|-weather|SunnyDay|[upkeep]
|upkeep
|
|t:|1750842731
|switch|p2a: Indeedee|Indeedee-F, L50, F|100/100
|switch|p1a: Iron Valiant|Iron Valiant, L50|100/100
|-fieldstart|move: Psychic Terrain|[from] ability: Psychic Surge|[of] p2a: Indeedee
|-enditem|p1a: Iron Valiant|Booster Energy
|-activate|p1a: Iron Valiant|ability: Quark Drive|[fromitem]
|-start|p1a: Iron Valiant|quarkdrivespe
|turn|3
|
|t:|1750842750
|move|p1b: Raging Bolt|Protect|p1b: Raging Bolt
|-singleturn|p1b: Raging Bolt|Protect
|move|p2a: Indeedee|Follow Me|p2a: Indeedee
|-singleturn|p2a: Indeedee|move: Follow Me
|move|p1a: Iron Valiant|Disable|p2a: Indeedee
|-start|p2a: Indeedee|Disable|Follow Me
|move|p2b: Calyrex|Psychic|p1a: Iron Valiant
|-supereffective|p1a: Iron Valiant
|-damage|p1a: Iron Valiant|0 fnt
|faint|p1a: Iron Valiant
|-end|p1a: Iron Valiant|Quark Drive|[silent]
|-ability|p2b: Calyrex|Grim Neigh|boost
|-boost|p2b: Calyrex|spa|1
|-damage|p2b: Calyrex|81/100|[from] item: Life Orb
|
|-weather|SunnyDay|[upkeep]
|upkeep
|
|t:|1750842756
|switch|p1a: Calyrex|Calyrex-Ice, L50|100/100
|-ability|p1a: Calyrex|As One
|-ability|p1a: Calyrex|Unnerve
|turn|4
|inactive|fyssqzh has 30 seconds left.
|inactive|fyssqzh has 20 seconds left.
|
|t:|1750842792
|move|p1b: Raging Bolt|Protect||[still]
|-fail|p1b: Raging Bolt
|move|p2b: Calyrex|Astral Barrage|p1b: Raging Bolt|[spread] p1a,p1b
|-supereffective|p1a: Calyrex
|-damage|p1a: Calyrex|0 fnt
|-damage|p1b: Raging Bolt|0 fnt
|faint|p1a: Calyrex
|faint|p1b: Raging Bolt
|-end|p1b: Raging Bolt|Protosynthesis|[silent]
|-damage|p2b: Calyrex|71/100|[from] item: Life Orb
|
|win|raezan
|raw|fyssqzh's rating: 1451 &rarr; <strong>1434</strong><br />(-17 for losing)
|raw|raezan's rating: 1508 &rarr; <strong>1525</strong><br />(+17 for winning)
|l|☆fyssqzh
|player|p1|
