|j|☆bubert_ps
|j|☆koala is cool
|t:|1750734908
|gametype|doubles
|player|p1|bubert_ps|1|1186
|player|p2|koala is cool|169|1094
|teamsize|p1|6
|teamsize|p2|6
|gen|9
|tier|[Gen 9] VGC 2025 Reg I
|rated|
|rule|Species Clause: Limit one of each Pokémon
|rule|Item Clause: Limit 1 of each item
|clearpoke
|poke|p1|Calyrex-Ice, L50|
|poke|p1|Miraidon, L50|
|poke|p1|Ogerpon-Hearthflame, L50, F|
|poke|p1|Iron Treads, L50|
|poke|p1|Whimsicott, L50, M|
|poke|p1|Grimmsnarl, L50, M|
|poke|p2|Smeargle, L50, F|
|poke|p2|Eternatus, L50|
|poke|p2|Kommo-o, L50, F|
|poke|p2|Orthworm, L50, M|
|poke|p2|Blaziken, L50, M|
|poke|p2|Cyclizar, L50, M|
|teampreview|4
|
|t:|1750734942
|start
|switch|p1a: Miraidon|Miraidon, L50|100/100
|switch|p1b: Iron Treads|Iron Treads, L50, shiny|100/100
|switch|p2a: Orthworm|Orthworm, L50, M|100/100
|switch|p2b: Cyclizar|Cyclizar, L50, M|100/100
|-fieldstart|move: Electric Terrain|[from] ability: Hadron Engine|[of] p1a: Miraidon
|-activate|p1b: Iron Treads|ability: Quark Drive
|-start|p1b: Iron Treads|quarkdrivespe
|turn|1
|
|t:|1750734963
|move|p1b: Iron Treads|Steel Roller|p2b: Cyclizar
|-damage|p2b: Cyclizar|0 fnt
|-fieldend|move: Electric Terrain
|-end|p1b: Iron Treads|Quark Drive
|faint|p2b: Cyclizar
|-damage|p1b: Iron Treads|91/100|[from] item: Life Orb
|move|p1a: Miraidon|Volt Switch|p2a: Orthworm
|-damage|p2a: Orthworm|41/100
|
|t:|1750734973
|switch|p1a: Ogerpon|Ogerpon-Hearthflame, L50, F|100/100|[from] Volt Switch
|-ability|p1a: Ogerpon|Mold Breaker
|move|p2a: Orthworm|Shed Tail|p2a: Orthworm
|-fail|p2a: Orthworm|move: Shed Tail|[weak]
|
|upkeep
|-message|koala is cool forfeited.
|
|win|bubert_ps
|raw|bubert_ps's rating: 1186 &rarr; <strong>1205</strong><br />(+19 for winning)
|raw|koala is cool's rating: 1094 &rarr; <strong>1076</strong><br />(-18 for losing)
|l|☆koala is cool
|player|p2|
|l|☆bubert_ps
|player|p1|
