|j|☆hunt3r1
|j|☆Jakemcgarry420
|t:|1750853905
|gametype|doubles
|player|p1|hunt3r1|1|1150
|player|p2|Jakemcgarry420|palmer|1143
|teamsize|p1|6
|teamsize|p2|6
|gen|9
|tier|[Gen 9] VGC 2025 Reg I
|rated|
|rule|Species Clause: Limit one of each Pokémon
|rule|Item Clause: Limit 1 of each item
|clearpoke
|poke|p1|Calyrex-Ice, L50|
|poke|p1|Miraidon, L50|
|poke|p1|Grimmsnarl, L50, M|
|poke|p1|Urshifu-*, L50, M|
|poke|p1|Incineroar, L50, F|
|poke|p1|Landorus, L50, M|
|poke|p2|Drednaw, L50, F|
|poke|p2|Kyogre, L50|
|poke|p2|Ludicolo, L50, F|
|poke|p2|Rhyperior, L50, M|
|poke|p2|Reshiram, L50|
|poke|p2|Articuno, L50|
|teampreview|4
|inactive|Battle timer is ON: inactive players will automatically lose when time's up. (requested by Jakemcgarry420)
|inactive|Jakemcgarry420 has 60 seconds left.
|
|t:|1750853939
|start
|switch|p1a: Miraidon|Miraidon, L50|100/100
|switch|p1b: Incineroar|Incineroar, L50, F|100/100
|switch|p2a: Reshiram|Reshiram, L50|100/100
|switch|p2b: Articuno|Articuno, L50|100/100
|-fieldstart|move: Electric Terrain|[from] ability: Hadron Engine|[of] p1a: Miraidon
|-ability|p1b: Incineroar|Intimidate|boost
|-unboost|p2a: Reshiram|atk|1
|-unboost|p2b: Articuno|atk|1
|-ability|p2a: Reshiram|Turboblaze
|turn|1
|
|t:|1750853960
|-terastallize|p2a: Reshiram|Steel
|move|p1b: Incineroar|Fake Out|p2b: Articuno
|-damage|p2b: Articuno|88/100
|move|p1a: Miraidon|Volt Switch|p2a: Reshiram
|-damage|p2a: Reshiram|39/100
|
|t:|1750853966
|switch|p1a: Grimmsnarl|Grimmsnarl, L50, M|100/100|[from] Volt Switch
|move|p2a: Reshiram|Draco Meteor|p1a: Grimmsnarl
|-immune|p1a: Grimmsnarl
|cant|p2b: Articuno|flinch
|
|upkeep
|turn|2
|-message|Jakemcgarry420 forfeited.
|
|win|hunt3r1
|raw|hunt3r1's rating: 1150 &rarr; <strong>1174</strong><br />(+24 for winning)
|raw|Jakemcgarry420's rating: 1143 &rarr; <strong>1119</strong><br />(-24 for losing)
|l|☆Jakemcgarry420
|player|p2|
|l|☆hunt3r1
|player|p1|
