|j|‽gooyeguy
|j|☆2charizard006
|t:|1750731596
|gametype|doubles
|player|p1|gooyeguy|2|1207
|player|p2|2charizard006|lucas|1117
|teamsize|p1|6
|teamsize|p2|6
|gen|9
|tier|[Gen 9] VGC 2025 Reg I
|rated|
|rule|Species Clause: Limit one of each Pokémon
|rule|Item Clause: Limit 1 of each item
|clearpoke
|poke|p1|Indeedee-F, L50, F|
|poke|p1|Iron Hands, L50|
|poke|p1|Sinistcha-Masterpiece, L50|
|poke|p1|Calyrex-Ice, L50|
|poke|p1|Smeargle, L50, F|
|poke|p1|Terapagos, L50, M|
|poke|p2|Calyrex-Shadow, L50|
|poke|p2|Indeedee-F, L50, F|
|poke|p2|Chi-Yu, L50|
|poke|p2|Ursaluna, L50, F|
|poke|p2|Zamazenta-*, L50|
|poke|p2|Amoonguss, L50, M|
|teampreview|4
2charizard006 has agreed to open team sheets.
|inactive|Battle timer is ON: inactive players will automatically lose when time's up. (requested by 2charizard006)
|
|t:|1750731616
|start
|switch|p1a: Sinistcha|Sinistcha-Masterpiece, L50, shiny|100/100
|switch|p1b: Calyrex|Calyrex-Ice, L50|100/100
|switch|p2a: Indeedee|Indeedee-F, L50, F|100/100
|switch|p2b: Calyrex|Calyrex-Shadow, L50|100/100
|-ability|p2b: Calyrex|As One
|-ability|p2b: Calyrex|Unnerve
|-ability|p1b: Calyrex|As One
|-ability|p1b: Calyrex|Unnerve
|-fieldstart|move: Psychic Terrain|[from] ability: Psychic Surge|[of] p2a: Indeedee
|-enditem|p2a: Indeedee|Psychic Seed
|-boost|p2a: Indeedee|spd|1|[from] item: Psychic Seed
|turn|1
|inactive|gooyeguy has 30 seconds left.
|
|t:|1750731647
|-terastallize|p2b: Calyrex|Ghost
|-terastallize|p1a: Sinistcha|Steel
|move|p1b: Calyrex|Protect|p1b: Calyrex
|-singleturn|p1b: Calyrex|Protect
|move|p2a: Indeedee|Follow Me|p2a: Indeedee
|-singleturn|p2a: Indeedee|move: Follow Me
|move|p2b: Calyrex|Astral Barrage|p1b: Calyrex|[spread] p1a
|-activate|p1b: Calyrex|move: Protect
|-crit|p1a: Sinistcha
|-damage|p1a: Sinistcha|0 fnt
|faint|p1a: Sinistcha
|-ability|p2b: Calyrex|Grim Neigh|boost
|-boost|p2b: Calyrex|spa|1
|
|upkeep
|-message|gooyeguy forfeited.
|
|win|2charizard006
|raw|gooyeguy's rating: 1207 &rarr; <strong>1176</strong><br />(-31 for losing)
|raw|2charizard006's rating: 1117 &rarr; <strong>1148</strong><br />(+31 for winning)
|l|‽gooyeguy
|player|p1|
