|j|☆2charizard006
|j|☆hfgjv
|t:|1750730396
|gametype|doubles
|player|p1|2charizard006|lucas|1112
|player|p2|hfgjv|unknown|1000
|teamsize|p1|6
|teamsize|p2|6
|gen|9
|tier|[Gen 9] VGC 2025 Reg I
|rated|
|rule|Species Clause: Limit one of each Pokémon
|rule|Item Clause: Limit 1 of each item
|clearpoke
|poke|p1|Calyrex-Shadow, L50|
|poke|p1|Indeedee-F, L50, F|
|poke|p1|Chi-Yu, L50|
|poke|p1|Ursaluna, L50, F|
|poke|p1|Zamazenta-*, L50|
|poke|p1|Amoonguss, L50, M|
|poke|p2|Indeedee-F, L50, F|
|poke|p2|Calyrex-Ice, L50|
|poke|p2|Amoonguss, L50, F|
|poke|p2|Iron Hands, L50|
|poke|p2|Miraidon, L50|
|poke|p2|Urshifu-*, L50, M|
|teampreview|4
2charizard006 has agreed to open team sheets.
|inactive|Battle timer is ON: inactive players will automatically lose when time's up. (requested by 2charizard006)
|
|t:|1750730432
|start
|switch|p1a: Calyrex|Calyrex-Shadow, L50|100/100
|switch|p1b: Indeedee|Indeedee-F, L50, F|100/100
|switch|p2a: Amoonguss|Amoonguss, L50, F|100/100
|switch|p2b: Urshifu|Urshifu-Rapid-Strike, L50, M|100/100
|-ability|p1a: Calyrex|As One
|-ability|p1a: Calyrex|Unnerve
|-fieldstart|move: Psychic Terrain|[from] ability: Psychic Surge|[of] p1b: Indeedee
|-enditem|p1b: Indeedee|Psychic Seed
|-boost|p1b: Indeedee|spd|1|[from] item: Psychic Seed
|turn|1
|
|t:|1750730452
|-terastallize|p1a: Calyrex|Ghost
|move|p1b: Indeedee|Follow Me|p1b: Indeedee
|-singleturn|p1b: Indeedee|move: Follow Me
|move|p1a: Calyrex|Astral Barrage|p2a: Amoonguss|[spread] p2a,p2b
|-damage|p2a: Amoonguss|46/100
|-enditem|p2b: Urshifu|Focus Sash
|-damage|p2b: Urshifu|1/100
|move|p2b: Urshifu|Surging Strikes|p1b: Indeedee
|-crit|p1b: Indeedee
|-damage|p1b: Indeedee|73/100
|-crit|p1b: Indeedee
|-damage|p1b: Indeedee|46/100
|-crit|p1b: Indeedee
|-damage|p1b: Indeedee|16/100
|-hitcount|p1b: Indeedee|3
|move|p2a: Amoonguss|Spore|p1b: Indeedee
|-status|p1b: Indeedee|slp|[from] move: Spore
|
|-heal|p2a: Amoonguss|52/100|[from] item: Leftovers
|upkeep
|turn|2
|inactive|2charizard006 has 30 seconds left.
|inactive|hfgjv has 30 seconds left.
|
|t:|1750730479
|switch|p1b: Zamazenta|Zamazenta-Crowned, L50|100/100
|-ability|p1b: Zamazenta|Dauntless Shield|boost
|-boost|p1b: Zamazenta|def|1
|switch|p2a: Miraidon|Miraidon, L50|100/100
|-fieldstart|move: Electric Terrain|[from] ability: Hadron Engine|[of] p2a: Miraidon
|move|p2b: Urshifu|Aqua Jet|p1b: Zamazenta
|-damage|p1b: Zamazenta|91/100
|move|p1a: Calyrex|Astral Barrage|p2b: Urshifu|[spread] p2a,p2b
|-damage|p2a: Miraidon|30/100
|-damage|p2b: Urshifu|0 fnt
|faint|p2b: Urshifu
|-ability|p1a: Calyrex|Grim Neigh|boost
|-boost|p1a: Calyrex|spa|1
|
|upkeep
|
|t:|1750730491
|switch|p2b: Amoonguss|Amoonguss, L50, F|85/100
|turn|3
|
|t:|1750730503
|switch|p1b: Chi-Yu|Chi-Yu, L50|100/100
|-ability|p1b: Chi-Yu|Beads of Ruin
|-terastallize|p2a: Miraidon|Electric
|move|p2a: Miraidon|Protect|p2a: Miraidon
|-singleturn|p2a: Miraidon|Protect
|move|p1a: Calyrex|Astral Barrage|p2b: Amoonguss|[spread] p2b
|-activate|p2a: Miraidon|move: Protect
|-damage|p2b: Amoonguss|0 fnt
|faint|p2b: Amoonguss
|-ability|p1a: Calyrex|Grim Neigh|boost
|-boost|p1a: Calyrex|spa|1
|
|upkeep
|
|t:|1750730515
|switch|p2b: Calyrex|Calyrex-Ice, L50|100/100
|-ability|p2b: Calyrex|As One
|-ability|p2b: Calyrex|Unnerve
|turn|4
|
|t:|1750730529
|move|p1b: Chi-Yu|Heat Wave|p2b: Calyrex|[spread] p2a
|-miss|p1b: Chi-Yu|p2b: Calyrex
|-damage|p2a: Miraidon|0 fnt
|faint|p2a: Miraidon
|move|p1a: Calyrex|Astral Barrage|p2b: Calyrex
|-supereffective|p2b: Calyrex
|-crit|p2b: Calyrex
|-damage|p2b: Calyrex|0 fnt
|faint|p2b: Calyrex
|
|win|2charizard006
|raw|2charizard006's rating: 1112 &rarr; <strong>1129</strong><br />(+17 for winning)
|raw|hfgjv's rating: 1000 &rarr; <strong>1000</strong><br />(+0 for losing)
|l|☆hfgjv
|player|p2|
