|j|☆anlingyuze
|j|☆Fish112233
|t:|1750862816
|gametype|doubles
|player|p1|anlingyuze|169|1456
|player|p2|Fish112233|265|1579
|teamsize|p1|6
|teamsize|p2|6
|gen|9
|tier|[Gen 9] VGC 2025 Reg I
|rated|
|rule|Species Clause: Limit one of each Pokémon
|rule|Item Clause: Limit 1 of each item
|clearpoke
|poke|p1|Groudon, L50|
|poke|p1|Miraidon, L50|
|poke|p1|Gouging Fire, L50|
|poke|p1|Chesnaught, L50, F|
|poke|p1|Farigiraf, L50, M|
|poke|p1|Ogerpon-Cornerstone, L50, F|
|poke|p2|Calyrex-Ice, L50|
|poke|p2|Indeedee-F, L50, F|
|poke|p2|Lunala, L50|
|poke|p2|Urshifu-*, L50, M|
|poke|p2|Ursaluna, L50, M|
|poke|p2|Torkoal, L50, F|
|teampreview|4
|inactive|Battle timer is ON: inactive players will automatically lose when time's up. (requested by Fish112233)
|j| Therazer456
|inactive|anlingyuze has 60 seconds left.
|
|t:|1750862861
|start
|switch|p1a: Miraidon|Miraidon, L50|100/100
|switch|p1b: Chesnaught|Chesnaught, L50, F|100/100
|switch|p2a: Indeedee|Indeedee-F, L50, F|100/100
|switch|p2b: Calyrex|Calyrex-Ice, L50|100/100
|-ability|p2b: Calyrex|As One
|-ability|p2b: Calyrex|Unnerve
|-fieldstart|move: Electric Terrain|[from] ability: Hadron Engine|[of] p1a: Miraidon
|-enditem|p1b: Chesnaught|Electric Seed
|-boost|p1b: Chesnaught|def|1|[from] item: Electric Seed
|-fieldstart|move: Psychic Terrain|[from] ability: Psychic Surge|[of] p2a: Indeedee
|-enditem|p2a: Indeedee|Psychic Seed
|-boost|p2a: Indeedee|spd|1|[from] item: Psychic Seed
|turn|1
|
|t:|1750862884
|move|p1a: Miraidon|Volt Switch|p2a: Indeedee
|-damage|p2a: Indeedee|77/100
|
|t:|1750862887
|switch|p1a: Farigiraf|Farigiraf, L50, M|100/100|[from] Volt Switch
|move|p1b: Chesnaught|Leech Seed|p2b: Calyrex
|-start|p2b: Calyrex|move: Leech Seed
|move|p2a: Indeedee|Heal Pulse|p2b: Calyrex
|-fail|p2b: Calyrex|heal
|move|p2b: Calyrex|Glacial Lance|p1b: Chesnaught|[spread] p1a,p1b
|-supereffective|p1b: Chesnaught
|-damage|p1a: Farigiraf|50/100
|-damage|p1b: Chesnaught|51/100
|
|-damage|p2b: Calyrex|88/100|[from] Leech Seed|[of] p1b: Chesnaught
|-heal|p1b: Chesnaught|64/100|[silent]
|upkeep
|turn|2
|
|t:|1750862913
|-terastallize|p2b: Calyrex|Water
|move|p1b: Chesnaught|Leech Seed|p2a: Indeedee
|-start|p2a: Indeedee|move: Leech Seed
|move|p2a: Indeedee|Psychic|p1b: Chesnaught
|-supereffective|p1b: Chesnaught
|-damage|p1b: Chesnaught|0 fnt
|faint|p1b: Chesnaught
|move|p1a: Farigiraf|Foul Play|p2b: Calyrex
|-damage|p2b: Calyrex|62/100
|move|p2b: Calyrex|Glacial Lance|p1a: Farigiraf
|-damage|p1a: Farigiraf|0 fnt
|faint|p1a: Farigiraf
|-ability|p2b: Calyrex|Chilling Neigh|boost
|-boost|p2b: Calyrex|atk|1
|
|upkeep
|
|t:|1750862927
|switch|p1b: Groudon|Groudon, L50|100/100
|switch|p1a: Miraidon|Miraidon, L50|100/100
|-fieldstart|move: Electric Terrain|[from] ability: Hadron Engine|[of] p1a: Miraidon
|-weather|SunnyDay|[from] ability: Drought|[of] p1b: Groudon
|turn|3
|inactive|anlingyuze has 30 seconds left.
|
|t:|1750862957
|-terastallize|p1a: Miraidon|Electric
|move|p2a: Indeedee|Follow Me|p2a: Indeedee
|-singleturn|p2a: Indeedee|move: Follow Me
|move|p1a: Miraidon|Electro Drift|p2a: Indeedee
|-damage|p2a: Indeedee|0 fnt
|faint|p2a: Indeedee
|move|p1b: Groudon|Precipice Blades|p2b: Calyrex
|-damage|p2b: Calyrex|20/100
|move|p2b: Calyrex|Trick Room|p2b: Calyrex
|-fieldstart|move: Trick Room|[of] p2b: Calyrex
|
|-weather|SunnyDay|[upkeep]
|-damage|p2b: Calyrex|8/100|[from] Leech Seed|[of] p1b: Groudon
|upkeep
|
|t:|1750862974
|switch|p2a: Ursaluna|Ursaluna, L50, M|100/100
|turn|4
|
|t:|1750862982
|move|p2a: Ursaluna|Protect|p2a: Ursaluna
|-singleturn|p2a: Ursaluna|Protect
|move|p2b: Calyrex|Glacial Lance|p1a: Miraidon|[spread] p1a,p1b
|-supereffective|p1b: Groudon
|-damage|p1a: Miraidon|14/100
|-damage|p1b: Groudon|0 fnt
|faint|p1b: Groudon
|-ability|p2b: Calyrex|Chilling Neigh|boost
|-boost|p2b: Calyrex|atk|1
|move|p1a: Miraidon|Electro Drift|p2b: Calyrex
|-supereffective|p2b: Calyrex
|-damage|p2b: Calyrex|0 fnt
|faint|p2b: Calyrex
|
|-weather|SunnyDay|[upkeep]
|-status|p2a: Ursaluna|brn|[from] item: Flame Orb
|upkeep
|-message|anlingyuze forfeited.
|
|win|Fish112233
|raw|anlingyuze's rating: 1456 &rarr; <strong>1443</strong><br />(-13 for losing)
|raw|Fish112233's rating: 1579 &rarr; <strong>1592</strong><br />(+13 for winning)
|l|☆anlingyuze
|player|p1|
|l|☆Fish112233
|player|p2|
