|j|☆Nerd159
|j|☆jjkko
|t:|1750753174
|gametype|doubles
|player|p1|Nerd159|102|1596
|player|p2|jjkko|170|1490
|teamsize|p1|6
|teamsize|p2|6
|gen|9
|tier|[Gen 9] VGC 2025 Reg I
|rated|
|rule|Species Clause: Limit one of each Pokémon
|rule|Item Clause: Limit 1 of each item
|clearpoke
|poke|p1|Zamazenta-*, L50|
|poke|p1|Calyrex-Shadow, L50|
|poke|p1|Excadrill, L50, F|
|poke|p1|Tyranitar, L50, F|
|poke|p1|Ogerpon-Wellspring, L50, F|
|poke|p1|Farigiraf, L50, M|
|poke|p2|Miraidon, L50|
|poke|p2|Calyrex-Ice, L50|
|poke|p2|Incineroar, L50, M|
|poke|p2|Appletun, L50, M|
|poke|p2|Urshifu-*, L50, F|
|poke|p2|Iron Moth, L50|
|teampreview|4
|inactive|Battle timer is ON: inactive players will automatically lose when time's up. (requested by Nerd159)
|
|t:|1750753212
|start
|switch|p1a: Excadrill|Excadrill, L50, F|100/100
|switch|p1b: Tyranitar|Tyranitar, L50, F|100/100
|switch|p2a: Urshifu|Urshifu-Rapid-Strike, L50, F|100/100
|switch|p2b: Miraidon|Miraidon, L50|100/100
|-fieldstart|move: Electric Terrain|[from] ability: Hadron Engine|[of] p2b: Miraidon
|-weather|Sandstorm|[from] ability: Sand Stream|[of] p1b: Tyranitar
|turn|1
|
|t:|1750753232
|switch|p2b: Incineroar|Incineroar, L50, M|100/100
|-ability|p2b: Incineroar|Intimidate|boost
|-unboost|p1a: Excadrill|atk|1
|-unboost|p1b: Tyranitar|atk|1
|-terastallize|p1b: Tyranitar|Grass
|move|p1a: Excadrill|High Horsepower|p2b: Incineroar
|-supereffective|p2b: Incineroar
|-damage|p2b: Incineroar|31/100
|move|p2a: Urshifu|Surging Strikes|p1a: Excadrill
|-supereffective|p1a: Excadrill
|-crit|p1a: Excadrill
|-damage|p1a: Excadrill|35/100
|-supereffective|p1a: Excadrill
|-crit|p1a: Excadrill
|-damage|p1a: Excadrill|0 fnt
|faint|p1a: Excadrill
|-hitcount|p1: Excadrill|2
|move|p1b: Tyranitar|Tera Blast|p2a: Urshifu|[anim] Tera Blast Grass
|-supereffective|p2a: Urshifu
|-crit|p2a: Urshifu
|-damage|p2a: Urshifu|0 fnt
|faint|p2a: Urshifu
|
|-weather|Sandstorm|[upkeep]
|-damage|p1b: Tyranitar|94/100|[from] Sandstorm
|-damage|p2b: Incineroar|25/100|[from] Sandstorm
|upkeep
|
|t:|1750753252
|switch|p2a: Miraidon|Miraidon, L50|100/100
|switch|p1a: Calyrex|Calyrex-Shadow, L50|100/100
|-ability|p1a: Calyrex|As One
|-ability|p1a: Calyrex|Unnerve
|-activate|p2a: Miraidon|ability: Hadron Engine
|turn|2
|
|t:|1750753260
|move|p1a: Calyrex|Protect|p1a: Calyrex
|-singleturn|p1a: Calyrex|Protect
|move|p2a: Miraidon|Electro Drift|p1a: Calyrex
|-activate|p1a: Calyrex|move: Protect
|move|p1b: Tyranitar|Rock Slide|p2a: Miraidon|[spread] p2a,p2b
|-supereffective|p2b: Incineroar
|-damage|p2a: Miraidon|83/100
|-damage|p2b: Incineroar|0 fnt
|faint|p2b: Incineroar
|
|-weather|Sandstorm|[upkeep]
|-damage|p1a: Calyrex|95/100|[from] Sandstorm
|-damage|p2a: Miraidon|77/100|[from] Sandstorm
|-damage|p1b: Tyranitar|88/100|[from] Sandstorm
|upkeep
|
|t:|1750753263
|switch|p2b: Iron Moth|Iron Moth, L50|100/100
|-activate|p2b: Iron Moth|ability: Quark Drive
|-start|p2b: Iron Moth|quarkdrivespe
|turn|3
|-message|jjkko forfeited.
|
|win|Nerd159
|raw|Nerd159's rating: 1596 &rarr; <strong>1610</strong><br />(+14 for winning)
|raw|jjkko's rating: 1490 &rarr; <strong>1476</strong><br />(-14 for losing)
|l|☆jjkko
|player|p2|
|l|☆Nerd159
|player|p1|
