|j|☆gladland
|j|☆MakoGP
|t:|1750732163
|gametype|doubles
|player|p1|gladland|266|1045
|player|p2|MakoGP|elesa-masters2|1088
|teamsize|p1|6
|teamsize|p2|6
|gen|9
|tier|[Gen 9] VGC 2025 Reg I
|rated|
|rule|Species Clause: Limit one of each Pokémon
|rule|Item Clause: Limit 1 of each item
|clearpoke
|poke|p1|Calyrex-Shadow, L50|
|poke|p1|Koraidon, L50|
|poke|p1|Indeedee-F, L50, F|
|poke|p1|Whimsicott, L50, F|
|poke|p1|Incineroar, L50, M|
|poke|p1|Urshifu-*, L50, M|
|poke|p2|Lunala, L50|
|poke|p2|Miraidon, L50|
|poke|p2|Incineroar, L50, F|
|poke|p2|Rillaboom, L50, F|
|poke|p2|Urshifu-*, L50, M|
|poke|p2|Volcarona, L50, F|
|teampreview|4
|
|t:|1750732219
|start
|switch|p1a: Calyrex|Calyrex-Shadow, L50|100/100
|switch|p1b: Whimsicott|Whimsicott, L50, F|100/100
|switch|p2a: Volcarona|Volcarona, L50, F|100/100
|switch|p2b: Lunala|Lunala, L50|100/100
|-ability|p1a: Calyrex|As One
|-ability|p1a: Calyrex|Unnerve
|turn|1
|
|t:|1750732240
|move|p1a: Calyrex|Protect|p1a: Calyrex
|-singleturn|p1a: Calyrex|Protect
|move|p1b: Whimsicott|Tailwind|p1b: Whimsicott
|-sidestart|p1: gladland|move: Tailwind
|move|p2a: Volcarona|Fiery Dance|p1b: Whimsicott
|-supereffective|p1b: Whimsicott
|-damage|p1b: Whimsicott|7/100
|move|p2b: Lunala|Calm Mind|p2b: Lunala
|-boost|p2b: Lunala|spa|1
|-boost|p2b: Lunala|spd|1
|
|upkeep
|turn|2
|
|t:|1750732259
|-terastallize|p1a: Calyrex|Ghost
|-terastallize|p2b: Lunala|Fairy
|move|p1b: Whimsicott|Helping Hand|p1a: Calyrex
|-singleturn|p1a: Calyrex|Helping Hand|[of] p1b: Whimsicott
|move|p2a: Volcarona|Rage Powder|p2a: Volcarona
|-singleturn|p2a: Volcarona|move: Rage Powder
|move|p1a: Calyrex|Astral Barrage|p2a: Volcarona|[spread] p2a,p2b
|-damage|p2a: Volcarona|0 fnt
|-damage|p2b: Lunala|70/100
|faint|p2a: Volcarona
|-ability|p1a: Calyrex|Grim Neigh|boost
|-boost|p1a: Calyrex|spa|1
|move|p2b: Lunala|Moongeist Beam|p1a: Calyrex
|-supereffective|p1a: Calyrex
|-enditem|p1a: Calyrex|Focus Sash
|-damage|p1a: Calyrex|1/100
|
|-heal|p2b: Lunala|77/100|[from] item: Leftovers
|upkeep
|
|t:|1750732276
|switch|p2a: Rillaboom|Rillaboom, L50, F|100/100
|-fieldstart|move: Grassy Terrain|[from] ability: Grassy Surge|[of] p2a: Rillaboom
|turn|3
|
|t:|1750732290
|move|p1b: Whimsicott|Helping Hand|p1a: Calyrex
|-singleturn|p1a: Calyrex|Helping Hand|[of] p1b: Whimsicott
|move|p2b: Lunala|Protect|p2b: Lunala
|-singleturn|p2b: Lunala|Protect
|move|p2a: Rillaboom|Fake Out|p1b: Whimsicott
|-damage|p1b: Whimsicott|0 fnt
|faint|p1b: Whimsicott
|move|p1a: Calyrex|Astral Barrage|p2b: Lunala|[spread] p2a
|-activate|p2b: Lunala|move: Protect
|-damage|p2a: Rillaboom|0 fnt
|faint|p2a: Rillaboom
|-ability|p1a: Calyrex|Grim Neigh|boost
|-boost|p1a: Calyrex|spa|1
|
|-heal|p1a: Calyrex|7/100|[from] Grassy Terrain
|-heal|p2b: Lunala|83/100|[from] Grassy Terrain
|-heal|p2b: Lunala|89/100|[from] item: Leftovers
|upkeep
|
|t:|1750732310
|switch|p1b: Koraidon|Koraidon, L50|100/100
|switch|p2a: Miraidon|Miraidon, L50|100/100
|-weather|SunnyDay|[from] ability: Orichalcum Pulse|[of] p1b: Koraidon
|-activate|p1b: Koraidon|Orichalcum Pulse|[source]
|-fieldstart|move: Electric Terrain|[from] ability: Hadron Engine|[of] p2a: Miraidon
|turn|4
|
|t:|1750732332
|move|p1a: Calyrex|Astral Barrage|p2b: Lunala|[spread] p2a,p2b
|-damage|p2a: Miraidon|0 fnt
|-damage|p2b: Lunala|11/100
|faint|p2a: Miraidon
|-ability|p1a: Calyrex|Grim Neigh|boost
|-boost|p1a: Calyrex|spa|1
|move|p1b: Koraidon|Close Combat|p2b: Lunala
|-resisted|p2b: Lunala
|-damage|p2b: Lunala|0 fnt
|-unboost|p1b: Koraidon|def|1
|-unboost|p1b: Koraidon|spd|1
|faint|p2b: Lunala
|-damage|p1b: Koraidon|91/100|[from] item: Life Orb
|
|win|gladland
|raw|gladland's rating: 1045 &rarr; <strong>1082</strong><br />(+37 for winning)
|raw|MakoGP's rating: 1088 &rarr; <strong>1062</strong><br />(-26 for losing)
