|j|☆Fatsoju
|j|☆ItsZachStone
|t:|1750720088
|gametype|doubles
|player|p1|Fatsoju|cynthia|1272
|player|p2|ItsZachStone|flannery|1210
|teamsize|p1|6
|teamsize|p2|6
|gen|9
|tier|[Gen 9] VGC 2025 Reg I
|rated|
|rule|Species Clause: Limit one of each Pokémon
|rule|Item Clause: Limit 1 of each item
|clearpoke
|poke|p1|Kyogre, L50|
|poke|p1|Tornadus, L50, M|
|poke|p1|Miraidon, L50|
|poke|p1|Iron Hands, L50|
|poke|p1|Tsareena, L50, F|
|poke|p1|Urshifu-*, L50, M|
|poke|p2|Koraidon, L50|
|poke|p2|Tropius, L50, M|
|poke|p2|Calyrex-Shadow, L50|
|poke|p2|Indeedee-F, L50, F|
|poke|p2|Scovillain, L50, F|
|poke|p2|Chi-Yu, L50|
|teampreview|4
|inactive|Battle timer is ON: inactive players will automatically lose when time's up. (requested by ItsZachStone)
|l|☆Fatsoju
|inactive|Fatsoju disconnected and has a minute to reconnect!
|player|p1|
|j|☆Fatsoju
|inactive|Fatsoju reconnected and has 85 seconds left.
|player|p1|Fatsoju|cynthia|
|l|☆Fatsoju
|inactive|Fatsoju disconnected and has a minute to reconnect!
|player|p1|
|j|☆Fatsoju
|inactive|Fatsoju reconnected and has 75 seconds left.
|player|p1|Fatsoju|cynthia|
|l|☆Fatsoju
|inactive|Fatsoju disconnected and has a minute to reconnect!
|player|p1|
|j|☆Fatsoju
|inactive|Fatsoju reconnected and has 65 seconds left.
|player|p1|Fatsoju|cynthia|
|inactive|Fatsoju has 60 seconds left.
|
|t:|1750720120
|start
|switch|p1a: Iron Hands|Iron Hands, L50|100/100
|switch|p1b: Tornadus|Tornadus, L50, M, shiny|100/100
|switch|p2a: Tropius|Tropius, L50, M|100/100
|switch|p2b: Calyrex|Calyrex-Shadow, L50|100/100
|-ability|p2b: Calyrex|As One
|-ability|p2b: Calyrex|Unnerve
|turn|1
|l|☆Fatsoju
|inactive|Fatsoju disconnected and has a minute to reconnect!
|player|p1|
|j|☆Fatsoju
|inactive|Fatsoju reconnected and has 50 seconds left.
|player|p1|Fatsoju|cynthia|
|l|☆Fatsoju
|inactive|Fatsoju disconnected and has a minute to reconnect!
|player|p1|
|j|☆Fatsoju
|inactive|Fatsoju reconnected.
|player|p1|Fatsoju|cynthia|
|inactive|ItsZachStone has 30 seconds left.
|l|☆Fatsoju
|inactive|Fatsoju disconnected and has a minute to reconnect!
|player|p1|
|inactive|ItsZachStone has 20 seconds left.
|
|t:|1750720157
|switch|p2a: Indeedee|Indeedee-F, L50, F|100/100
|-fieldstart|move: Psychic Terrain|[from] ability: Psychic Surge|[of] p2a: Indeedee
|move|p1a: Iron Hands|Fake Out|p2a: Indeedee
|-activate|p2a: Indeedee|move: Psychic Terrain
|move|p1b: Tornadus|Tailwind|p1b: Tornadus
|-sidestart|p1: Fatsoju|move: Tailwind
|move|p2b: Calyrex|Expanding Force|p1b: Tornadus|[spread] p1a,p1b
|-supereffective|p1a: Iron Hands
|-damage|p1a: Iron Hands|4/100
|-damage|p1b: Tornadus|0 fnt
|faint|p1b: Tornadus
|-ability|p2b: Calyrex|Grim Neigh|boost
|-boost|p2b: Calyrex|spa|1
|-damage|p2b: Calyrex|91/100|[from] item: Life Orb
|
|upkeep
|j|☆Fatsoju
|inactive|Fatsoju reconnected and has 55 seconds left.
|player|p1|Fatsoju|cynthia|
|
|t:|1750720162
|switch|p1b: Kyogre|Kyogre, L50, shiny|100/100
|-weather|RainDance|[from] ability: Drizzle|[of] p1b: Kyogre
|turn|2
|l|☆Fatsoju
|inactive|Fatsoju disconnected and has a minute to reconnect!
|player|p1|
|j|☆Fatsoju
|inactive|Fatsoju reconnected and has 45 seconds left.
|player|p1|Fatsoju|cynthia|
|
|t:|1750720178
|switch|p2a: Koraidon|Koraidon, L50|100/100
|-weather|SunnyDay|[from] ability: Orichalcum Pulse|[of] p2a: Koraidon
|-activate|p2a: Koraidon|Orichalcum Pulse|[source]
|move|p1b: Kyogre|Water Spout|p2b: Calyrex|[spread] p2a,p2b
|-resisted|p2a: Koraidon
|-damage|p2a: Koraidon|83/100
|-damage|p2b: Calyrex|54/100
|move|p2b: Calyrex|Expanding Force|p1b: Kyogre|[spread] p1a,p1b
|-supereffective|p1a: Iron Hands
|-damage|p1a: Iron Hands|0 fnt
|-damage|p1b: Kyogre|0 fnt
|faint|p1a: Iron Hands
|-end|p1a: Iron Hands|Quark Drive|[silent]
|faint|p1b: Kyogre
|-ability|p2b: Calyrex|Grim Neigh|boost
|-boost|p2b: Calyrex|spa|2
|-damage|p2b: Calyrex|45/100|[from] item: Life Orb
|
|-weather|SunnyDay|[upkeep]
|upkeep
|l|☆Fatsoju
|inactive|Fatsoju disconnected and has a minute to reconnect!
|player|p1|
|j|☆Fatsoju
|inactive|Fatsoju reconnected and has 45 seconds left.
|player|p1|Fatsoju|cynthia|
|
|t:|1750720194
|switch|p1a: Miraidon|Miraidon, L50|100/100
|-fieldstart|move: Electric Terrain|[from] ability: Hadron Engine|[of] p1a: Miraidon
|turn|3
|l|☆Fatsoju
|inactive|Fatsoju disconnected and has a minute to reconnect!
|player|p1|
|
|t:|1750720204
|switch|p2a: Tropius|Tropius, L50, M|100/100
|-terastallize|p1a: Miraidon|Fairy
|move|p2b: Calyrex|Protect|p2b: Calyrex
|-singleturn|p2b: Calyrex|Protect
|move|p1a: Miraidon|Dazzling Gleam|p2a: Tropius|[spread] p2a
|-activate|p2b: Calyrex|move: Protect
|-damage|p2a: Tropius|47/100
|-damage|p1a: Miraidon|91/100|[from] item: Life Orb
|
|-weather|SunnyDay|[upkeep]
|upkeep
|turn|4
|j|☆Fatsoju
|inactive|Fatsoju reconnected and has 55 seconds left.
|player|p1|Fatsoju|cynthia|
|l|☆Fatsoju
|inactive|Fatsoju disconnected and has a minute to reconnect!
|player|p1|
|
|t:|1750720215
|move|p2a: Tropius|Wide Guard|p2a: Tropius
|-singleturn|p2a: Tropius|Wide Guard
|move|p1a: Miraidon|Dazzling Gleam|p2b: Calyrex|[spread] 
|-activate|p2a: Tropius|move: Wide Guard
|-activate|p2b: Calyrex|move: Wide Guard
|move|p2b: Calyrex|Astral Barrage|p1a: Miraidon
|-damage|p1a: Miraidon|0 fnt
|faint|p1a: Miraidon
|-damage|p2b: Calyrex|35/100|[from] item: Life Orb
|
|win|ItsZachStone
|raw|Fatsoju's rating: 1272 &rarr; <strong>1243</strong><br />(-29 for losing)
|raw|ItsZachStone's rating: 1210 &rarr; <strong>1239</strong><br />(+29 for winning)
|j|☆Fatsoju
|player|p1|Fatsoju|cynthia|
|l|☆Fatsoju
|player|p1|
