|j|☆Diegopf21
|j|☆spookie69
|t:|1750876904
|gametype|doubles
|player|p1|Diegopf21|dawn-gen4pt|1271
|player|p2|spookie69|1|1307
|teamsize|p1|6
|teamsize|p2|6
|gen|9
|tier|[Gen 9] VGC 2025 Reg I
|rated|
|rule|Species Clause: Limit one of each Pokémon
|rule|Item Clause: Limit 1 of each item
|clearpoke
|poke|p1|Miraidon, L50|
|poke|p1|Sneasler, L50, M|
|poke|p1|Farigiraf, L50, F|
|poke|p1|Sinistcha-Masterpiece, L50|
|poke|p1|Swampert, L50, F|
|poke|p1|Calyrex-Ice, L50|
|poke|p2|Calyrex-Shadow, L50|
|poke|p2|Miraidon, L50|
|poke|p2|Incineroar, L50, M|
|poke|p2|Rillaboom, L50, M|
|poke|p2|Whimsicott, L50, M|
|poke|p2|Farigiraf, L50, F|
|teampreview|4
|
|t:|1750876953
|start
|switch|p1a: Miraidon|Miraidon, L50|100/100
|switch|p1b: Sneasler|Sneasler, L50, M|100/100
|switch|p2a: Calyrex|Calyrex-Shadow, L50|100/100
|switch|p2b: Whimsicott|Whimsicott, L50, M|100/100
|-ability|p2a: Calyrex|As One
|-ability|p2a: Calyrex|Unnerve
|-fieldstart|move: Electric Terrain|[from] ability: Hadron Engine|[of] p1a: Miraidon
|-enditem|p1b: Sneasler|Electric Seed
|-boost|p1b: Sneasler|def|1|[from] item: Electric Seed
|turn|1
|
|t:|1750877015
|-terastallize|p2a: Calyrex|Normal
|move|p2b: Whimsicott|Helping Hand|p2a: Calyrex
|-singleturn|p2a: Calyrex|Helping Hand|[of] p2b: Whimsicott
|move|p1b: Sneasler|Throat Chop|p2a: Calyrex
|-damage|p2a: Calyrex|65/100
|-start|p2a: Calyrex|Throat Chop|[silent]
|move|p2a: Calyrex|Astral Barrage|p1a: Miraidon|[spread] p1a,p1b
|-damage|p1a: Miraidon|6/100
|-damage|p1b: Sneasler|0 fnt
|faint|p1b: Sneasler
|-ability|p2a: Calyrex|Grim Neigh|boost
|-boost|p2a: Calyrex|spa|1
|-damage|p2a: Calyrex|56/100|[from] item: Life Orb
|move|p1a: Miraidon|Overheat|p2b: Whimsicott
|-supereffective|p2b: Whimsicott
|-crit|p2b: Whimsicott
|-damage|p2b: Whimsicott|0 fnt
|-unboost|p1a: Miraidon|spa|2
|faint|p2b: Whimsicott
|
|upkeep
|
|t:|1750877035
|switch|p1b: Swampert|Swampert, L50, F|100/100
|switch|p2b: Rillaboom|Rillaboom, L50, M|100/100
|-fieldstart|move: Grassy Terrain|[from] ability: Grassy Surge|[of] p2b: Rillaboom
|turn|2
|
|t:|1750877050
|move|p1b: Swampert|Wide Guard|p1b: Swampert
|-singleturn|p1b: Swampert|Wide Guard
|move|p2b: Rillaboom|Grassy Glide|p1b: Swampert
|-supereffective|p1b: Swampert
|-damage|p1b: Swampert|0 fnt
|-damage|p2b: Rillaboom|84/100|[from] item: Rocky Helmet|[of] p1b: Swampert
|faint|p1b: Swampert
|move|p2a: Calyrex|Astral Barrage|p1a: Miraidon
|-activate|p1a: Miraidon|move: Wide Guard
|move|p1a: Miraidon|Overheat|p2b: Rillaboom
|-supereffective|p2b: Rillaboom
|-damage|p2b: Rillaboom|31/100
|-unboost|p1a: Miraidon|spa|2
|
|-heal|p2a: Calyrex|62/100|[from] Grassy Terrain
|-heal|p1a: Miraidon|12/100|[from] Grassy Terrain
|-heal|p2b: Rillaboom|37/100|[from] Grassy Terrain
|-end|p2a: Calyrex|Throat Chop|[silent]
|upkeep
|
|t:|1750877067
|switch|p1b: Calyrex|Calyrex-Ice, L50|100/100
|-ability|p1b: Calyrex|As One
|-ability|p1b: Calyrex|Unnerve
|turn|3
|
|t:|1750877077
|move|p2b: Rillaboom|Grassy Glide|p1b: Calyrex
|-damage|p1b: Calyrex|74/100
|move|p2a: Calyrex|Astral Barrage|p1b: Calyrex|[spread] p1a,p1b
|-crit|p1a: Miraidon
|-supereffective|p1b: Calyrex
|-damage|p1a: Miraidon|0 fnt
|-damage|p1b: Calyrex|0 fnt
|faint|p1a: Miraidon
|faint|p1b: Calyrex
|-damage|p2a: Calyrex|52/100|[from] item: Life Orb
|
|win|spookie69
|raw|Diegopf21's rating: 1271 &rarr; <strong>1249</strong><br />(-22 for losing)
|raw|spookie69's rating: 1307 &rarr; <strong>1325</strong><br />(+18 for winning)
|l|☆Diegopf21
|player|p1|
|l|☆spookie69
|player|p2|
