|j|☆BlznFrnzy
|j|☆drewskiloo
|t:|1750739735
|gametype|doubles
|player|p1|BlznFrnzy|170|1371
|player|p2|drewskiloo|shadowtriad|1339
|teamsize|p1|6
|teamsize|p2|6
|gen|9
|tier|[Gen 9] VGC 2025 Reg I
|rated|
|rule|Species Clause: Limit one of each Pokémon
|rule|Item Clause: Limit 1 of each item
|clearpoke
|poke|p1|Lunala, L50|
|poke|p1|Indeedee-F, L50, F|
|poke|p1|Calyrex-Ice, L50|
|poke|p1|Incineroar, L50, M|
|poke|p1|Ursaluna, L50, F|
|poke|p1|Torkoal, L50, F|
|poke|p2|Calyrex-Shadow, L50|
|poke|p2|Koraidon, L50|
|poke|p2|Weezing-Galar, L50, M|
|poke|p2|Raging Bolt, L50|
|poke|p2|Ditto, L50|
|poke|p2|Jumpluff, L50, F|
|teampreview|4
|inactive|Battle timer is ON: inactive players will automatically lose when time's up. (requested by drewskiloo)
BlznFrnzy rejected open team sheets.
|
|t:|1750739758
|start
|switch|p1a: Lunala|Lunala, L50, shiny|100/100
|switch|p1b: Incineroar|Incineroar, L50, M, shiny|100/100
|switch|p2a: Calyrex|Calyrex-Shadow, L50|100/100
|switch|p2b: Weezing|Weezing-Galar, L50, M|100/100
|-ability|p2b: Weezing|Neutralizing Gas
|-ability|p2a: Calyrex|As One
|-ability|p2a: Calyrex|Unnerve
|turn|1
|
|t:|1750739783
|-terastallize|p2a: Calyrex|Dark
|-terastallize|p1a: Lunala|Fairy
|move|p2a: Calyrex|Astral Barrage|p1a: Lunala|[spread] p1a,p1b
|-resisted|p1b: Incineroar
|-crit|p1b: Incineroar
|-damage|p1a: Lunala|65/100
|-damage|p1b: Incineroar|73/100
|move|p2b: Weezing|Sludge Bomb|p1a: Lunala
|-supereffective|p1a: Lunala
|-damage|p1a: Lunala|28/100
|move|p1b: Incineroar|Knock Off|p2a: Calyrex
|-resisted|p2a: Calyrex
|-damage|p2a: Calyrex|76/100
|-enditem|p2a: Calyrex|Focus Sash|[from] move: Knock Off|[of] p1b: Incineroar
|move|p1a: Lunala|Trick Room|p1a: Lunala
|-fieldstart|move: Trick Room|[of] p1a: Lunala
|
|-heal|p1a: Lunala|34/100|[from] item: Leftovers
|upkeep
|turn|2
|
|t:|1750739806
|move|p1b: Incineroar|Flare Blitz|p2a: Calyrex
|-damage|p2a: Calyrex|16/100
|-damage|p1b: Incineroar|55/100|[from] Recoil
|move|p2b: Weezing|Sludge Bomb|p1b: Incineroar
|-damage|p1b: Incineroar|35/100
|-status|p1b: Incineroar|psn
|move|p1a: Lunala|Expanding Force|p2b: Weezing
|-supereffective|p2b: Weezing
|-damage|p2b: Weezing|0 fnt
|faint|p2b: Weezing
|-end|p2b: Weezing|ability: Neutralizing Gas
|-ability|p1b: Incineroar|Intimidate|boost
|-unboost|p2a: Calyrex|atk|1
|move|p2a: Calyrex|Astral Barrage|p1a: Lunala|[spread] p1a,p1b
|-resisted|p1b: Incineroar
|-damage|p1a: Lunala|0 fnt
|-damage|p1b: Incineroar|17/100 psn
|faint|p1a: Lunala
|-ability|p2a: Calyrex|Grim Neigh|boost
|-boost|p2a: Calyrex|spa|1
|
|-damage|p1b: Incineroar|4/100 psn|[from] psn
|upkeep
|
|t:|1750739828
|switch|p2b: Koraidon|Koraidon, L50|100/100
|switch|p1a: Calyrex|Calyrex-Ice, L50|100/100
|-ability|p1a: Calyrex|As One
|-ability|p1a: Calyrex|Unnerve
|-weather|SunnyDay|[from] ability: Orichalcum Pulse|[of] p2b: Koraidon
|-activate|p2b: Koraidon|Orichalcum Pulse|[source]
|turn|3
|
|t:|1750739845
|switch|p2b: Ditto|Ditto, L50, shiny|100/100
|-transform|p2b: Ditto|p1a: Calyrex|[from] ability: Imposter
|-ability|p2b: Ditto|As One
|-ability|p2b: Ditto|Unnerve
|move|p2a: Calyrex|Protect|p2a: Calyrex
|-singleturn|p2a: Calyrex|Protect
|move|p1a: Calyrex|Glacial Lance|p2b: Ditto|[spread] p2b
|-activate|p2a: Calyrex|move: Protect
|-resisted|p2b: Ditto
|-damage|p2b: Ditto|75/100
|move|p1b: Incineroar|Flare Blitz|p2b: Ditto
|-supereffective|p2b: Ditto
|-damage|p2b: Ditto|0 fnt
|faint|p2b: Ditto
|-damage|p1b: Incineroar|0 fnt|[from] Recoil
|faint|p1b: Incineroar
|
|-weather|SunnyDay|[upkeep]
|upkeep
|
|t:|1750739863
|switch|p1b: Ursaluna|Ursaluna, L50, F|100/100
|switch|p2b: Koraidon|Koraidon, L50|100/100
|-activate|p2b: Koraidon|ability: Orichalcum Pulse
|turn|4
|
|t:|1750739877
|move|p1b: Ursaluna|Facade|p2b: Koraidon
|-damage|p2b: Koraidon|64/100
|move|p1a: Calyrex|Glacial Lance|p2b: Koraidon|[spread] p2a,p2b
|-supereffective|p2b: Koraidon
|-damage|p2a: Calyrex|0 fnt
|-damage|p2b: Koraidon|0 fnt
|faint|p2a: Calyrex
|faint|p2b: Koraidon
|
|win|BlznFrnzy
|raw|BlznFrnzy's rating: 1371 &rarr; <strong>1389</strong><br />(+18 for winning)
|raw|drewskiloo's rating: 1339 &rarr; <strong>1321</strong><br />(-18 for losing)
|l|☆drewskiloo
|player|p2|
|l|☆BlznFrnzy
|player|p1|
