|j|☆MavenVGC
|j|☆Jaker0125
|t:|1750873548
|gametype|doubles
|player|p1|MavenVGC|steven|1390
|player|p2|Jaker0125|red|1351
|teamsize|p1|6
|teamsize|p2|6
|gen|9
|tier|[Gen 9] VGC 2025 Reg I
|rated|
|rule|Species Clause: Limit one of each Pokémon
|rule|Item Clause: Limit 1 of each item
|clearpoke
|poke|p1|Calyrex-Ice, L50|
|poke|p1|Ho-Oh, L50|
|poke|p1|Iron Hands, L50|
|poke|p1|Flutter Mane, L50|
|poke|p1|Ogerpon-Wellspring, L50, F|
|poke|p1|Volcarona, L50, M|
|poke|p2|Calyrex-Ice, L50|
|poke|p2|Kyogre, L50|
|poke|p2|Blastoise, L50, F|
|poke|p2|Amoonguss, L50, M|
|poke|p2|Flutter Mane, L50|
|poke|p2|Urshifu-*, L50, M|
|teampreview|4
|inactive|Battle timer is ON: inactive players will automatically lose when time's up. (requested by Jaker0125)
|inactive|MavenVGC also wants the timer to be on.
MavenVGC rejected open team sheets.
|inactive|Jaker0125 has 60 seconds left.
|
|t:|1750873588
|start
|switch|p1a: Iron Hands|Iron Hands, L50|100/100
|switch|p1b: Volcarona|Volcarona, L50, M|100/100
|switch|p2a: Kyogre|Kyogre, L50|100/100
|switch|p2b: Amoonguss|Amoonguss, L50, M|100/100
|-weather|RainDance|[from] ability: Drizzle|[of] p2a: Kyogre
|turn|1
|inactive|Jaker0125 has 30 seconds left.
|
|t:|1750873615
|-terastallize|p1b: Volcarona|Grass
|move|p2a: Kyogre|Protect|p2a: Kyogre
|-singleturn|p2a: Kyogre|Protect
|move|p1a: Iron Hands|Fake Out|p2a: Kyogre
|-activate|p2a: Kyogre|move: Protect
|move|p1b: Volcarona|Quiver Dance|p1b: Volcarona
|-boost|p1b: Volcarona|spa|1
|-boost|p1b: Volcarona|spd|1
|-boost|p1b: Volcarona|spe|1
|move|p2b: Amoonguss|Spore|p1a: Iron Hands
|-status|p1a: Iron Hands|slp|[from] move: Spore
|
|-weather|RainDance|[upkeep]
|upkeep
|turn|2
|inactive|Jaker0125 has 30 seconds left.
|inactive|Jaker0125 has 20 seconds left.
|inactive|Jaker0125 has 15 seconds left.
|inactive|Jaker0125 has 10 seconds left.
|
|t:|1750873662
|-end|p1a: Iron Hands|Quark Drive|[silent]
|switch|p1a: Ogerpon|Ogerpon-Wellspring, L50, F|100/100
|move|p2b: Amoonguss|Rage Powder|p2b: Amoonguss
|-singleturn|p2b: Amoonguss|move: Rage Powder
|move|p1b: Volcarona|Giga Drain|p2a: Kyogre
|-supereffective|p2a: Kyogre
|-damage|p2a: Kyogre|0 fnt
|faint|p2a: Kyogre
|-damage|p1b: Volcarona|91/100|[from] item: Life Orb
|
|-weather|RainDance|[upkeep]
|upkeep
|-message|Jaker0125 forfeited.
|
|win|MavenVGC
|raw|MavenVGC's rating: 1390 &rarr; <strong>1408</strong><br />(+18 for winning)
|raw|Jaker0125's rating: 1351 &rarr; <strong>1333</strong><br />(-18 for losing)
|l|☆Jaker0125
|player|p2|
|c|☆MavenVGC|lol
