|j|☆moosinator32
|j|☆lamebagels
|t:|1750795647
|gametype|doubles
|player|p1|moosinator32|102|1127
|player|p2|lamebagels|102|1109
|teamsize|p1|6
|teamsize|p2|6
|gen|9
|tier|[Gen 9] VGC 2025 Reg I
|rated|
|rule|Species Clause: Limit one of each Pokémon
|rule|Item Clause: Limit 1 of each item
|clearpoke
|poke|p1|Kyogre, L50|
|poke|p1|Hydrapple, L50, M|
|poke|p1|Iron Leaves, L50|
|poke|p1|Miraidon, L50|
|poke|p1|Urshifu-*, L50, M|
|poke|p1|Meowstic, L50, M|
|poke|p2|Vivillon-Pokeball, L50, M|
|poke|p2|Vaporeon, L50, M|
|poke|p2|Dragalge, L50, M|
|poke|p2|Enamorus-Therian, L50, F|
|poke|p2|Lugia, L50|
|poke|p2|Palkia, L50|
|teampreview|4
|
|t:|1750795674
|start
|switch|p1a: Miraidon|Miraidon, L50|100/100
|switch|p1b: Iron Leaves|Iron Leaves, L50|100/100
|switch|p2a: Tanama|Vivillon-Pokeball, L50, M|100/100
|switch|p2b: Yúcahu|Palkia, L50, shiny|100/100
|-fieldstart|move: Electric Terrain|[from] ability: Hadron Engine|[of] p1a: Miraidon
|-activate|p1b: Iron Leaves|ability: Quark Drive
|-start|p1b: Iron Leaves|quarkdriveatk
|-ability|p2b: Yúcahu|Pressure
|turn|1
|
|t:|1750795703
|-end|p1b: Iron Leaves|Quark Drive|[silent]
|switch|p1b: Urshifu|Urshifu-Rapid-Strike, L50, M|100/100
|move|p2a: Tanama|Rage Powder|p2a: Tanama
|-singleturn|p2a: Tanama|move: Rage Powder
|move|p1a: Miraidon|Volt Switch|p2a: Tanama
|-supereffective|p2a: Tanama
|-enditem|p2a: Tanama|Focus Sash
|-damage|p2a: Tanama|1/100
|
|t:|1750795714
|switch|p1a: Iron Leaves|Iron Leaves, L50|100/100|[from] Volt Switch
|-activate|p1a: Iron Leaves|ability: Quark Drive
|-start|p1a: Iron Leaves|quarkdriveatk
|move|p2b: Yúcahu|Trick Room|p2b: Yúcahu
|-fieldstart|move: Trick Room|[of] p2b: Yúcahu
|
|upkeep
|turn|2
|
|t:|1750795743
|-end|p1a: Iron Leaves|Quark Drive|[silent]
|switch|p1a: Miraidon|Miraidon, L50|100/100
|-activate|p1a: Miraidon|ability: Hadron Engine
|switch|p1b: Hydrapple|Hydrapple, L50, M|100/100
|-ability|p1b: Hydrapple|Supersweet Syrup
|-unboost|p2a: Tanama|evasion|1
|-unboost|p2b: Yúcahu|evasion|1
|move|p2b: Yúcahu|Spacial Rend|p1b: Hydrapple
|-supereffective|p1b: Hydrapple
|-damage|p1b: Hydrapple|22/100
|move|p2a: Tanama|Pollen Puff|p1a: Miraidon
|-damage|p1a: Miraidon|71/100
|
|upkeep
|turn|3
|
|t:|1750795764
|move|p2a: Tanama|Rage Powder|p2a: Tanama
|-singleturn|p2a: Tanama|move: Rage Powder
|move|p1b: Hydrapple|Giga Drain|p2b: Yúcahu
|-damage|p2b: Yúcahu|80/100
|-heal|p1b: Hydrapple|31/100|[from] drain|[of] p2b: Yúcahu
|move|p2b: Yúcahu|Spacial Rend|p1a: Miraidon
|-supereffective|p1a: Miraidon
|-damage|p1a: Miraidon|0 fnt
|faint|p1a: Miraidon
|
|upkeep
|
|t:|1750795772
|switch|p1a: Urshifu|Urshifu-Rapid-Strike, L50, M|100/100
|turn|4
|-message|moosinator32 forfeited.
|
|win|lamebagels
|raw|moosinator32's rating: 1127 &rarr; <strong>1101</strong><br />(-26 for losing)
|raw|lamebagels's rating: 1109 &rarr; <strong>1135</strong><br />(+26 for winning)
|l|☆moosinator32
|player|p1|
|l|☆lamebagels
|player|p2|
