|j|‽SkinnyTieDye
|j|☆Stonexe
|t:|1750831673
|gametype|doubles
|player|p1|SkinnyTieDye|collector|1116
|player|p2|Stonexe|266|1233
|teamsize|p1|6
|teamsize|p2|6
|gen|9
|tier|[Gen 9] VGC 2025 Reg I
|rated|
|rule|Species Clause: Limit one of each Pokémon
|rule|Item Clause: Limit 1 of each item
|clearpoke
|poke|p1|Koraidon, L50|
|poke|p1|Flutter Mane, L50|
|poke|p1|Raging Bolt, L50|
|poke|p1|Incineroar, L50, M|
|poke|p1|Chi-Yu, L50|
|poke|p1|Solgaleo, L50|
|poke|p2|Grafaiai, L50, M|
|poke|p2|Miraidon, L50|
|poke|p2|Calyrex-Ice, L50|
|poke|p2|Ogerpon-Wellspring, L50, F|
|poke|p2|Entei, L50|
|poke|p2|Iron Jugulis, L50|
|teampreview|4
|inactive|Battle timer is ON: inactive players will automatically lose when time's up. (requested by Stonexe)
|inactive|SkinnyTieDye also wants the timer to be on.
|
|t:|1750831687
|start
|switch|p1a: Incineroar|Incineroar, L50, M, shiny|100/100
|switch|p1b: Chi-Yu|Chi-Yu, L50|100/100
|switch|p2a: Miraidon|Miraidon, L50|100/100
|switch|p2b: AnalTouch|Grafaiai, L50, M|100/100
|-ability|p1b: Chi-Yu|Beads of Ruin
|-fieldstart|move: Electric Terrain|[from] ability: Hadron Engine|[of] p2a: Miraidon
|-enditem|p2b: AnalTouch|Electric Seed
|-boost|p2b: AnalTouch|def|1|[from] item: Electric Seed
|-ability|p1a: Incineroar|Intimidate|boost
|-unboost|p2a: Miraidon|atk|1
|-unboost|p2b: AnalTouch|atk|1
|turn|1
|inactive|SkinnyTieDye has 30 seconds left.
|inactive|SkinnyTieDye has 20 seconds left.
|inactive|SkinnyTieDye has 15 seconds left.
|inactive|SkinnyTieDye has 10 seconds left.
|
|t:|1750831734
|move|p2b: AnalTouch|Knock Off|p1b: Chi-Yu
|-resisted|p1b: Chi-Yu
|-damage|p1b: Chi-Yu|85/100
|-enditem|p1b: Chi-Yu|Choice Scarf|[from] move: Knock Off|[of] p2b: AnalTouch
|move|p2a: Miraidon|Dazzling Gleam|p1b: Chi-Yu|[spread] p1a,p1b
|-damage|p1a: Incineroar|64/100
|-damage|p1b: Chi-Yu|47/100
|move|p1b: Chi-Yu|Dark Pulse|p2b: AnalTouch
|-damage|p2b: AnalTouch|8/100
|move|p1a: Incineroar|Knock Off|p2b: AnalTouch
|-damage|p2b: AnalTouch|0 fnt
|faint|p2b: AnalTouch
|
|upkeep
|
|t:|1750831743
|switch|p2b: Ogerpon|Ogerpon-Wellspring, L50, F|100/100
|turn|2
|
|t:|1750831761
|move|p2a: Miraidon|Electro Drift|p1b: Chi-Yu
|-damage|p1b: Chi-Yu|0 fnt
|faint|p1b: Chi-Yu
|move|p2b: Ogerpon|Ivy Cudgel|p1a: Incineroar|[anim] Ivy Cudgel Water
|-supereffective|p1a: Incineroar
|-damage|p1a: Incineroar|0 fnt
|faint|p1a: Incineroar
|
|upkeep
|
|t:|1750831768
|switch|p1b: Flutter Mane|Flutter Mane, L50|100/100
|switch|p1a: Koraidon|Koraidon, L50|100/100
|-weather|SunnyDay|[from] ability: Orichalcum Pulse|[of] p1a: Koraidon
|-activate|p1b: Flutter Mane|ability: Protosynthesis
|-start|p1b: Flutter Mane|protosynthesisspe
|-activate|p1a: Koraidon|Orichalcum Pulse|[source]
|turn|3
|
|t:|1750831779
|-terastallize|p2a: Miraidon|Fairy
|move|p1a: Koraidon|Protect|p1a: Koraidon
|-singleturn|p1a: Koraidon|Protect
|move|p1b: Flutter Mane|Icy Wind|p2a: Miraidon|[spread] p2a,p2b
|-damage|p2a: Miraidon|90/100
|-damage|p2b: Ogerpon|86/100
|-unboost|p2b: Ogerpon|spe|1
|move|p2a: Miraidon|Dazzling Gleam|p1b: Flutter Mane|[spread] p1b
|-activate|p1a: Koraidon|move: Protect
|-damage|p1b: Flutter Mane|58/100
|move|p2b: Ogerpon|Ivy Cudgel|p1b: Flutter Mane|[anim] Ivy Cudgel Water
|-damage|p1b: Flutter Mane|14/100
|
|-weather|SunnyDay|[upkeep]
|upkeep
|turn|4
|
|t:|1750831804
|move|p1b: Flutter Mane|Moonblast|p2b: Ogerpon
|-damage|p2b: Ogerpon|37/100
|move|p1a: Koraidon|Collision Course|p2a: Miraidon
|-resisted|p2a: Miraidon
|-damage|p2a: Miraidon|55/100
|move|p2a: Miraidon|Dazzling Gleam|p1b: Flutter Mane|[spread] p1a,p1b
|-supereffective|p1a: Koraidon
|-damage|p1a: Koraidon|0 fnt
|-damage|p1b: Flutter Mane|0 fnt
|faint|p1a: Koraidon
|faint|p1b: Flutter Mane
|-end|p1b: Flutter Mane|Protosynthesis|[silent]
|
|win|Stonexe
|raw|SkinnyTieDye's rating: 1116 &rarr; <strong>1099</strong><br />(-17 for losing)
|raw|Stonexe's rating: 1233 &rarr; <strong>1250</strong><br />(+17 for winning)
|l|‽SkinnyTieDye
|player|p1|
|l|☆Stonexe
|player|p2|
