|j|☆umbrella999
|j|☆CongMinh
|t:|1750752169
|gametype|doubles
|player|p1|umbrella999|nate|1308
|player|p2|CongMinh|265|1267
|teamsize|p1|6
|teamsize|p2|6
|gen|9
|tier|[Gen 9] VGC 2025 Reg I
|rated|
|rule|Species Clause: Limit one of each Pokémon
|rule|Item Clause: Limit 1 of each item
|clearpoke
|poke|p1|Calyrex-Shadow, L50|
|poke|p1|Koraidon, L50|
|poke|p1|Indeedee-F, L50, F|
|poke|p1|Brute Bonnet, L50|
|poke|p1|Chi-Yu, L50|
|poke|p1|Whimsicott, L50, M|
|poke|p2|Rayquaza, L50|
|poke|p2|Incineroar, L50, F|
|poke|p2|Calyrex-Shadow, L50|
|poke|p2|Weezing, L50, F|
|poke|p2|Chien-Pao, L50|
|poke|p2|Volcarona, L50, F|
|teampreview|4
|inactive|Battle timer is ON: inactive players will automatically lose when time's up. (requested by CongMinh)
|
|t:|1750752196
|start
|switch|p1a: Koraidon|Koraidon, L50|100/100
|switch|p1b: Chi-Yu|Chi-Yu, L50|100/100
|switch|p2a: Rayquaza|Rayquaza, L50, shiny|100/100
|switch|p2b: Incineroar|Incineroar, L50, F, shiny|100/100
|-ability|p1b: Chi-Yu|Beads of Ruin
|-weather|SunnyDay|[from] ability: Orichalcum Pulse|[of] p1a: Koraidon
|-activate|p1a: Koraidon|Orichalcum Pulse|[source]
|-ability|p2a: Rayquaza|Air Lock
|-ability|p2b: Incineroar|Intimidate|boost
|-fail|p1a: Koraidon|unboost|[from] item: Clear Amulet|[of] p1a: Koraidon
|-unboost|p1b: Chi-Yu|atk|1
|turn|1
|
|t:|1750752211
|switch|p1a: Indeedee|Indeedee-F, L50, F|100/100
|-fieldstart|move: Psychic Terrain|[from] ability: Psychic Surge|[of] p1a: Indeedee
|move|p2b: Incineroar|Fake Out|p1a: Indeedee
|-activate|p1a: Indeedee|move: Psychic Terrain
|move|p1b: Chi-Yu|Dark Pulse|p2a: Rayquaza
|-damage|p2a: Rayquaza|42/100
|move|p2a: Rayquaza|Swords Dance|p2a: Rayquaza
|-boost|p2a: Rayquaza|atk|2
|
|-weather|SunnyDay|[upkeep]
|upkeep
|turn|2
|
|t:|1750752227
|move|p2a: Rayquaza|Protect|p2a: Rayquaza
|-singleturn|p2a: Rayquaza|Protect
|move|p1a: Indeedee|Follow Me|p1a: Indeedee
|-singleturn|p1a: Indeedee|move: Follow Me
|move|p1b: Chi-Yu|Dark Pulse|p2a: Rayquaza
|-activate|p2a: Rayquaza|move: Protect
|move|p2b: Incineroar|Knock Off|p1a: Indeedee
|-supereffective|p1a: Indeedee
|-enditem|p1a: Indeedee|Focus Sash
|-damage|p1a: Indeedee|1/100
|
|-weather|SunnyDay|[upkeep]
|upkeep
|turn|3
|inactive|CongMinh has 30 seconds left.
|
|t:|1750752255
|switch|p2b: Weezing|Weezing, L50, F, shiny|100/100
|-ability|p2b: Weezing|Neutralizing Gas
|move|p1a: Indeedee|Follow Me|p1a: Indeedee
|-singleturn|p1a: Indeedee|move: Follow Me
|move|p1b: Chi-Yu|Dark Pulse|p2a: Rayquaza
|-damage|p2a: Rayquaza|0 fnt
|faint|p2a: Rayquaza
|
|-weather|SunnyDay|[upkeep]
|upkeep
|
|t:|1750752263
|switch|p2a: Calyrex|Calyrex-Shadow, L50|100/100
|-ability|p2a: Calyrex|As One
|-ability|p2a: Calyrex|Unnerve
|turn|4
|
|t:|1750752275
|move|p1a: Indeedee|Helping Hand|p1b: Chi-Yu
|-singleturn|p1b: Chi-Yu|Helping Hand|[of] p1a: Indeedee
|move|p1b: Chi-Yu|Dark Pulse|p2a: Calyrex
|-supereffective|p2a: Calyrex
|-damage|p2a: Calyrex|0 fnt
|faint|p2a: Calyrex
|move|p2b: Weezing|Taunt|p1a: Indeedee
|-start|p1a: Indeedee|move: Taunt
|
|-weather|SunnyDay|[upkeep]
|upkeep
|-message|CongMinh forfeited.
|
|win|umbrella999
|raw|umbrella999's rating: 1308 &rarr; <strong>1326</strong><br />(+18 for winning)
|raw|CongMinh's rating: 1267 &rarr; <strong>1245</strong><br />(-22 for losing)
|l|☆CongMinh
|player|p2|
|l|☆umbrella999
|player|p1|
