|j|☆Boltsy VGC
|j|☆It'sJustKen VGC
|html|<table width="100%"><tr><td align="left">Boltsy VGC</td><td align="right">It&apos;sJustKen VGC</tr><tr><td align="left"><i class="fa fa-circle-o"></i> <i class="fa fa-circle-o"></i> </td><td align="right"><i class="fa fa-circle-o"></i> <i class="fa fa-circle-o"></i> </tr></table>
|uhtml|bestof|<h2><strong>Game 1</strong> of <a href="/game-bestof3-gen9vgc2025regi-2391230487">a best-of-3</a></h2>
|t:|1750819628
|gametype|doubles
|player|p1|Boltsy VGC|cynthia|
|player|p2|It'sJustKen VGC|caitlin|
|teamsize|p1|6
|teamsize|p2|6
|gen|9
|tier|[Gen 9] VGC 2025 Reg I
|rule|Species Clause: Limit one of each Pokémon
|rule|Item Clause: Limit 1 of each item
|rule|Evasion Moves Clause: Evasion moves are banned
|raw|<div class="infobox"><details class="readmore"><summary><strong>38 custom rules:</strong></summary> Force Open Team Sheets, Best Of = 3, -calyrex-shadow-rider, -miraidon, -rusted shield, -koraidon, -lunala, -calyrex-ice-rider, -kyogre, -terapagos, -rusted-sword, -ho-oh, -urshifu-rapid-strike, -incineroar, -rillaboom, -tornadus-incarnate, -iron hands, -cornerstone mask, -chi-yu, -flutter mane, -raging bolt, -farigiraf, -hearthflame mask, -amoonguss, -chien-pao, -indeedee-f, -whimsicott, -grimmsnarl, -brute bonnet, -landorus-incarnate, -ursaluna, +ursaluna-bloodmoon, -ditto, -urshifu, -smeargle, -Tatsugiri, -bright powder, Evasion Moves Clause</details></div>
|clearpoke
|poke|p1|Scream Tail, L50|
|poke|p1|Gothitelle, L50, F|
|poke|p1|Groudon, L50|
|poke|p1|Zacian-*, L50|
|poke|p1|Walking Wake, L50|
|poke|p1|Kingambit, L50, F|
|poke|p2|Necrozma-Dusk-Mane, L50|
|poke|p2|Gothitelle, L50, F|
|poke|p2|Hatterene, L50, F|
|poke|p2|Kingambit, L50, F|
|poke|p2|Politoed, L50, F|
|poke|p2|Palkia, L50|
|teampreview|4
|showteam|p1|Scream Tail||BoosterEnergy|Protosynthesis|Protect,Encore,Disable,PerishSong||||||50|,,,,,Dark]Gothitelle||SitrusBerry|ShadowTag|Protect,FakeOut,TrickRoom,Psychic|||F|||50|,,,,,Water]Groudon||ClearAmulet|Drought|Protect,PrecipiceBlades,HeatCrash,SwordsDance||||||50|,,,,,Water]Zacian||ChoiceBand|IntrepidSword|PlayRough,SacredSword,Crunch,TeraBlast||||||50|,,,,,Fire]Walking Wake||LifeOrb|Protosynthesis|Protect,HydroSteam,DracoMeteor,Flamethrower||||||50|,,,,,Fire]Kingambit||BlackGlasses|Defiant|Protect,KowtowCleave,IronHead,SuckerPunch|||F|||50|,,,,,Fire
|showteam|p2|Necrozma-Dusk-Mane||ClearAmulet|PrismArmor|TrickRoom,SunsteelStrike,PhotonGeyser,KnockOff||||||50|,,,,,Dark]Gothitelle||CovertCloak|ShadowTag|FakeOut,Taunt,Psychic,HelpingHand|||F|||50|,,,,,Grass]Hatterene||LifeOrb|MagicBounce|TrickRoom,Psychic,TeraBlast,DazzlingGleam|||F|||50|,,,,,Fairy]Kingambit||AssaultVest|Defiant|IronHead,KowtowCleave,SuckerPunch,LowKick|||F|||50|,,,,,Fighting]Politoed||SafetyGoggles|Drizzle|WeatherBall,Encore,IcyWind,HelpingHand|||F|||50|,,,,,Ghost]Palkia||ChoiceScarf|Pressure|DracoMeteor,Surf,Trick,HydroPump||||||50|,,,,,Stellar
|inactive|Battle timer is ON: inactive players will automatically lose when time's up. (requested by It'sJustKen VGC)
|inactive|Boltsy VGC has 60 seconds left.
|inactive|It'sJustKen VGC has 60 seconds left.
|
|t:|1750819677
|start
|switch|p1a: Groudon|Groudon, L50|100/100
|switch|p1b: Walking Wake|Walking Wake, L50|100/100
|switch|p2a: Gothitelle|Gothitelle, L50, F|100/100
|switch|p2b: Palkia|Palkia, L50|100/100
|-ability|p2b: Palkia|Pressure
|-weather|SunnyDay|[from] ability: Drought|[of] p1a: Groudon
|-activate|p1b: Walking Wake|ability: Protosynthesis
|-start|p1b: Walking Wake|protosynthesisspe
|turn|1
|inactive|Boltsy VGC has 30 seconds left.
|inactive|Boltsy VGC has 20 seconds left.
|inactive|Boltsy VGC has 15 seconds left.
|
|t:|1750819722
|switch|p2a: Politoed|Politoed, L50, F|100/100
|-weather|RainDance|[from] ability: Drizzle|[of] p2a: Politoed
|-end|p1b: Walking Wake|Protosynthesis
|-terastallize|p2b: Palkia|Stellar
|move|p1b: Walking Wake|Protect|p1b: Walking Wake
|-singleturn|p1b: Walking Wake|Protect
|move|p1a: Groudon|Protect|p1a: Groudon
|-singleturn|p1a: Groudon|Protect
|move|p2b: Palkia|Draco Meteor|p1b: Walking Wake
|-activate|p1b: Walking Wake|move: Protect
|
|-weather|RainDance|[upkeep]
|upkeep
|turn|2
|inactive|Boltsy VGC has 30 seconds left.
|
|t:|1750819756
|-end|p1b: Walking Wake|Protosynthesis|[silent]
|switch|p1b: Zacian|Zacian, L50|100/100
|-ability|p1b: Zacian|Intrepid Sword|boost
|-boost|p1b: Zacian|atk|1
|switch|p1a: Kingambit|Kingambit, L50, F|100/100
|move|p2a: Politoed|Helping Hand|p2b: Palkia
|-singleturn|p2b: Palkia|Helping Hand|[of] p2a: Politoed
|move|p2b: Palkia|Draco Meteor|p1a: Kingambit
|-resisted|p1a: Kingambit
|-damage|p1a: Kingambit|19/100
|-unboost|p2b: Palkia|spa|2
|
|-weather|RainDance|[upkeep]
|upkeep
|turn|3
|inactive|Boltsy VGC has 30 seconds left.
|inactive|Boltsy VGC has 20 seconds left.
|inactive|Boltsy VGC has 15 seconds left.
|
|t:|1750819798
|switch|p2b: Gothitelle|Gothitelle, L50, F|100/100
|move|p1a: Kingambit|Protect|p1a: Kingambit
|-singleturn|p1a: Kingambit|Protect
|move|p1b: Zacian|Crunch|p2b: Gothitelle
|-supereffective|p2b: Gothitelle
|-damage|p2b: Gothitelle|0 fnt
|faint|p2b: Gothitelle
|move|p2a: Politoed|Weather Ball|p1a: Kingambit
|-activate|p1a: Kingambit|move: Protect
|
|-weather|RainDance|[upkeep]
|upkeep
|
|t:|1750819823
|switch|p2b: Kingambit|Kingambit, L50, F|100/100
|turn|4
|inactive|Boltsy VGC has 30 seconds left.
|
|t:|1750819857
|switch|p1b: Walking Wake|Walking Wake, L50|100/100
|switch|p1a: Groudon|Groudon, L50|100/100
|-weather|SunnyDay|[from] ability: Drought|[of] p1a: Groudon
|-activate|p1b: Walking Wake|ability: Protosynthesis
|-start|p1b: Walking Wake|protosynthesisspe
|switch|p2b: Palkia|Palkia, L50, tera:Stellar|100/100
|-ability|p2b: Palkia|Pressure
|move|p2a: Politoed|Weather Ball|p1a: Groudon
|-damage|p1a: Groudon|69/100
|
|-weather|SunnyDay|[upkeep]
|upkeep
|turn|5
|inactive|Boltsy VGC has 30 seconds left.
|inactive|It'sJustKen VGC has 30 seconds left.
|inactive|Boltsy VGC has 20 seconds left.
|inactive|It'sJustKen VGC has 20 seconds left.
|inactive|Boltsy VGC has 15 seconds left.
|inactive|It'sJustKen VGC has 15 seconds left.
|inactive|Boltsy VGC has 10 seconds left.
|
|t:|1750819903
|switch|p2b: Kingambit|Kingambit, L50, F|100/100
|move|p1b: Walking Wake|Draco Meteor|p2b: Kingambit
|-resisted|p2b: Kingambit
|-damage|p2b: Kingambit|73/100
|-unboost|p1b: Walking Wake|spa|2
|-damage|p1b: Walking Wake|91/100|[from] item: Life Orb
|move|p1a: Groudon|Precipice Blades|p2b: Kingambit|[spread] p2a,p2b
|-supereffective|p2b: Kingambit
|-damage|p2a: Politoed|42/100
|-damage|p2b: Kingambit|0 fnt
|faint|p2b: Kingambit
|move|p2a: Politoed|Icy Wind|p1b: Walking Wake|[spread] p1a,p1b
|-supereffective|p1a: Groudon
|-damage|p1a: Groudon|51/100
|-damage|p1b: Walking Wake|81/100
|-unboost|p1b: Walking Wake|spe|1
|
|-weather|SunnyDay|[upkeep]
|upkeep
|
|t:|1750819906
|switch|p2b: Palkia|Palkia, L50, tera:Stellar|100/100
|-ability|p2b: Palkia|Pressure
|turn|6
|inactive|Boltsy VGC has 30 seconds left.
|inactive|It'sJustKen VGC has 30 seconds left.
|inactive|Boltsy VGC has 20 seconds left.
|inactive|Boltsy VGC has 15 seconds left.
|inactive|Boltsy VGC has 10 seconds left.
|inactive|Boltsy VGC has 5 seconds left.
|
|t:|1750819959
|-terastallize|p1a: Groudon|Water
|move|p2b: Palkia|Trick|p2a: Politoed
|-activate|p2b: Palkia|move: Trick|[of] p2a: Politoed
|-item|p2a: Politoed|Choice Scarf|[from] move: Trick
|-item|p2b: Palkia|Safety Goggles|[from] move: Trick
|move|p1b: Walking Wake|Flamethrower|p2b: Palkia
|-resisted|p2b: Palkia
|-damage|p2b: Palkia|94/100
|-damage|p1b: Walking Wake|72/100|[from] item: Life Orb
|move|p2a: Politoed|Icy Wind|p1a: Groudon|[spread] p1a,p1b
|-resisted|p1a: Groudon
|-damage|p1a: Groudon|47/100
|-damage|p1b: Walking Wake|61/100
|-unboost|p1b: Walking Wake|spe|1
|move|p1a: Groudon|Precipice Blades|p2a: Politoed|[spread] p2a,p2b
|-damage|p2a: Politoed|0 fnt
|-damage|p2b: Palkia|32/100
|faint|p2a: Politoed
|
|-weather|SunnyDay|[upkeep]
|upkeep
|turn|7
|inactive|Boltsy VGC has 30 seconds left.
|
|t:|1750819986
|move|p2b: Palkia|Draco Meteor|p1b: Walking Wake|[miss]
|-miss|p2b: Palkia|p1b: Walking Wake
|move|p1b: Walking Wake|Draco Meteor|p2b: Palkia
|-supereffective|p2b: Palkia
|-damage|p2b: Palkia|0 fnt
|-unboost|p1b: Walking Wake|spa|2
|faint|p2b: Palkia
|-damage|p1b: Walking Wake|52/100|[from] item: Life Orb
|
|win|Boltsy VGC
|l|☆It'sJustKen VGC
|player|p2|
||It'sJustKen VGC is ready for game 2.
|inactive|Boltsy VGC has 30 seconds to confirm battle start!
||Boltsy VGC is ready for game 2.
|uhtml|next|Next: <a href="/battle-gen9vgc2025regi-2391233101"><strong>Game 2 of 3</strong></a>
