|j|☆gingerlike
|j|☆Perjutsu24
|t:|1750742206
|gametype|doubles
|player|p1|gingerlike|2|1463
|player|p2|Perjutsu24|cynthia-gen4|1441
|teamsize|p1|6
|teamsize|p2|6
|gen|9
|tier|[Gen 9] VGC 2025 Reg I
|rated|
|rule|Species Clause: Limit one of each Pokémon
|rule|Item Clause: Limit 1 of each item
|clearpoke
|poke|p1|Lilligant-Hisui, L50, F|
|poke|p1|Koraidon, L50|
|poke|p1|Zamazenta-*, L50|
|poke|p1|Flutter Mane, L50|
|poke|p1|Incineroar, L50, M|
|poke|p1|Ogerpon-Cornerstone, L50, F|
|poke|p2|Gouging Fire, L50|
|poke|p2|Raging Bolt, L50|
|poke|p2|Groudon, L50|
|poke|p2|Lilligant-Hisui, L50, F|
|poke|p2|Lunala, L50|
|poke|p2|Grimmsnarl, L50, M|
|teampreview|4
|inactive|Battle timer is ON: inactive players will automatically lose when time's up. (requested by gingerlike)
|inactive|gingerlike has 60 seconds left.
|inactive|Perjutsu24 has 60 seconds left.
|inactive|Perjutsu24 has 30 seconds left.
|inactive|Perjutsu24 has 20 seconds left.
|inactive|Perjutsu24 has 15 seconds left.
|inactive|Perjutsu24 has 10 seconds left.
|inactive|Perjutsu24 has 5 seconds left.
|
|t:|1750742294
|start
|switch|p1a: Lilligant|Lilligant-Hisui, L50, F|100/100
|switch|p1b: Koraidon|Koraidon, L50|100/100
|switch|p2a: Groudon|Groudon, L50, shiny|100/100
|switch|p2b: Lilligant|Lilligant-Hisui, L50, F, shiny|100/100
|-weather|SunnyDay|[from] ability: Orichalcum Pulse|[of] p1b: Koraidon
|-activate|p1b: Koraidon|Orichalcum Pulse|[source]
|turn|1
|l|☆gingerlike
|inactive|gingerlike disconnected and has a minute to reconnect!
|player|p1|
|j|☆gingerlike
|inactive|gingerlike reconnected and has 35 seconds left.
|player|p1|gingerlike|2|
|inactive|gingerlike has 30 seconds left.
|inactive|gingerlike has 20 seconds left.
|
|t:|1750742330
|-terastallize|p2a: Groudon|Fire
|move|p1b: Koraidon|Protect|p1b: Koraidon
|-singleturn|p1b: Koraidon|Protect
|move|p1a: Lilligant|Coaching|p1b: Koraidon
|-boost|p1b: Koraidon|atk|1
|-boost|p1b: Koraidon|def|1
|move|p2b: Lilligant|Sleep Powder|p1b: Koraidon
|-activate|p1b: Koraidon|move: Protect
|move|p2a: Groudon|Precipice Blades|p1a: Lilligant|[spread] 
|-activate|p1b: Koraidon|move: Protect
|-miss|p2a: Groudon|p1a: Lilligant
|
|-weather|SunnyDay|[upkeep]
|upkeep
|turn|2
|
|t:|1750742354
|move|p1a: Lilligant|After You|p1b: Koraidon
|-activate|p1b: Koraidon|move: After You
|move|p1b: Koraidon|Close Combat|p2a: Groudon
|-damage|p2a: Groudon|0 fnt
|-unboost|p1b: Koraidon|def|1
|-unboost|p1b: Koraidon|spd|1
|faint|p2a: Groudon
|-damage|p1b: Koraidon|91/100|[from] item: Life Orb
|move|p2b: Lilligant|Sleep Powder|p1b: Koraidon|[miss]
|-miss|p2b: Lilligant|p1b: Koraidon
|
|-weather|SunnyDay|[upkeep]
|upkeep
|-message|Perjutsu24 forfeited.
|
|win|gingerlike
|raw|gingerlike's rating: 1463 &rarr; <strong>1482</strong><br />(+19 for winning)
|raw|Perjutsu24's rating: 1441 &rarr; <strong>1422</strong><br />(-19 for losing)
|l|☆Perjutsu24
|player|p2|
|l|☆gingerlike
|player|p1|
