|j|☆harshachanamolu
|j|☆VgcGigaNoob
|t:|1750741804
|gametype|doubles
|player|p1|harshachanamolu|265|1328
|player|p2|VgcGigaNoob|266|1382
|teamsize|p1|6
|teamsize|p2|6
|gen|9
|tier|[Gen 9] VGC 2025 Reg I
|rated|
|rule|Species Clause: Limit one of each Pokémon
|rule|Item Clause: Limit 1 of each item
|clearpoke
|poke|p1|Calyrex-Ice, L50|
|poke|p1|Groudon, L50|
|poke|p1|Trevenant, L50, M|
|poke|p1|Indeedee-F, L50, F|
|poke|p1|Incineroar, L50, F|
|poke|p1|Torkoal, L50, M|
|poke|p2|Iron Leaves, L50|
|poke|p2|Miraidon, L50|
|poke|p2|Whimsicott, L50, M|
|poke|p2|Zamazenta-*, L50|
|poke|p2|Incineroar, L50, F|
|poke|p2|Ogerpon-Cornerstone, L50, F|
|teampreview|4
|inactive|Battle timer is ON: inactive players will automatically lose when time's up. (requested by harshachanamolu)
|inactive|harshachanamolu has 60 seconds left.
|inactive|VgcGigaNoob has 60 seconds left.
|
|t:|1750741845
|start
|switch|p1a: Groudon|Groudon, L50|100/100
|switch|p1b: Indeedee|Indeedee-F, L50, F|100/100
|switch|p2a: Zamazenta|Zamazenta-Crowned, L50|100/100
|switch|p2b: Whimsicott|Whimsicott, L50, M|100/100
|-ability|p2a: Zamazenta|Dauntless Shield|boost
|-boost|p2a: Zamazenta|def|1
|-weather|SunnyDay|[from] ability: Drought|[of] p1a: Groudon
|-fieldstart|move: Psychic Terrain|[from] ability: Psychic Surge|[of] p1b: Indeedee
|-enditem|p1b: Indeedee|Psychic Seed
|-boost|p1b: Indeedee|spd|1|[from] item: Psychic Seed
|turn|1
|inactive|VgcGigaNoob has 30 seconds left.
|
|t:|1750741872
|move|p2a: Zamazenta|Wide Guard|p2a: Zamazenta
|-singleturn|p2a: Zamazenta|Wide Guard
|move|p2b: Whimsicott|Tailwind|p2b: Whimsicott
|-sidestart|p2: VgcGigaNoob|move: Tailwind
|move|p1a: Groudon|Heat Crash|p2b: Whimsicott
|-supereffective|p2b: Whimsicott
|-enditem|p2b: Whimsicott|Focus Sash
|-damage|p2b: Whimsicott|1/100
|move|p1b: Indeedee|Trick Room|p1b: Indeedee
|-fieldstart|move: Trick Room|[of] p1b: Indeedee
|
|-weather|SunnyDay|[upkeep]
|upkeep
|turn|2
|inactive|VgcGigaNoob has 30 seconds left.
|inactive|VgcGigaNoob has 20 seconds left.
|inactive|VgcGigaNoob has 15 seconds left.
|inactive|VgcGigaNoob has 10 seconds left.
|inactive|VgcGigaNoob has 5 seconds left.
|
|t:|1750741927
|switch|p1b: Torkoal|Torkoal, L50, M|100/100
|move|p2a: Zamazenta|Wide Guard|p2a: Zamazenta
|-singleturn|p2a: Zamazenta|Wide Guard
|move|p1a: Groudon|High Horsepower|p2a: Zamazenta
|-supereffective|p2a: Zamazenta
|-damage|p2a: Zamazenta|48/100
|move|p2b: Whimsicott|Endeavor|p1a: Groudon
|-damage|p1a: Groudon|1/100
|
|-weather|SunnyDay|[upkeep]
|upkeep
|turn|3
|
|t:|1750741951
|move|p2a: Zamazenta|Wide Guard|p2a: Zamazenta
|-singleturn|p2a: Zamazenta|Wide Guard
|move|p1b: Torkoal|Weather Ball|p2b: Whimsicott
|-supereffective|p2b: Whimsicott
|-damage|p2b: Whimsicott|0 fnt
|faint|p2b: Whimsicott
|move|p1a: Groudon|High Horsepower|p2a: Zamazenta
|-supereffective|p2a: Zamazenta
|-damage|p2a: Zamazenta|0 fnt
|faint|p2a: Zamazenta
|
|-weather|SunnyDay|[upkeep]
|upkeep
|
|t:|1750741962
|switch|p2a: Miraidon|Miraidon, L50|100/100
|switch|p2b: Iron Leaves|Iron Leaves, L50|100/100
|-fieldstart|move: Electric Terrain|[from] ability: Hadron Engine|[of] p2a: Miraidon
|-activate|p2b: Iron Leaves|ability: Quark Drive
|-start|p2b: Iron Leaves|quarkdriveatk
|turn|4
|c|☆VgcGigaNoob|i messed up so bad gg
|inactive|VgcGigaNoob has 30 seconds left.
|
|t:|1750741992
|-terastallize|p2a: Miraidon|Electric
|move|p1b: Torkoal|Weather Ball|p2b: Iron Leaves
|-supereffective|p2b: Iron Leaves
|-crit|p2b: Iron Leaves
|-damage|p2b: Iron Leaves|0 fnt
|faint|p2b: Iron Leaves
|-end|p2b: Iron Leaves|Quark Drive|[silent]
|move|p1a: Groudon|High Horsepower|p2a: Miraidon
|-supereffective|p2a: Miraidon
|-damage|p2a: Miraidon|0 fnt
|faint|p2a: Miraidon
|
|win|harshachanamolu
|raw|harshachanamolu's rating: 1328 &rarr; <strong>1351</strong><br />(+23 for winning)
|raw|VgcGigaNoob's rating: 1382 &rarr; <strong>1359</strong><br />(-23 for losing)
|l|☆harshachanamolu
|player|p1|
|l|☆VgcGigaNoob
|player|p2|
