|j|☆KogaAF1219
|j|☆SemhMTS
|t:|1750802088
|gametype|doubles
|player|p1|KogaAF1219|koga|1348
|player|p2|SemhMTS|acetrainer-gen4dp|1353
|teamsize|p1|6
|teamsize|p2|6
|gen|9
|tier|[Gen 9] VGC 2025 Reg I
|rated|
|rule|Species Clause: Limit one of each Pokémon
|rule|Item Clause: Limit 1 of each item
|clearpoke
|poke|p1|Indeedee, L50, M|
|poke|p1|Illumise, L50, F|
|poke|p1|Kyogre, L50|
|poke|p1|Gastrodon, L50, F|
|poke|p1|Urshifu-*, L50, F|
|poke|p1|Calyrex-Shadow, L50|
|poke|p2|Reshiram, L50|
|poke|p2|Lunala, L50|
|poke|p2|Rillaboom, L50, F|
|poke|p2|Gastrodon-East, L50, F|
|poke|p2|Ting-Lu, L50|
|poke|p2|Amoonguss, L50, F|
|teampreview|4
KogaAF1219 has agreed to open team sheets.
|
|t:|1750802122
|start
|switch|p1a: Calyrex|Calyrex-Shadow, L50|100/100
|switch|p1b: Urshifu|Urshifu, L50, F|100/100
|switch|p2a: Rillaboom|Rillaboom, L50, F|100/100
|switch|p2b: Gastrodon|Gastrodon-East, L50, F|100/100
|-ability|p1a: Calyrex|As One
|-ability|p1a: Calyrex|Unnerve
|-fieldstart|move: Grassy Terrain|[from] ability: Grassy Surge|[of] p2a: Rillaboom
|turn|1
|inactive|Battle timer is ON: inactive players will automatically lose when time's up. (requested by KogaAF1219)
|
|t:|1750802143
|move|p2a: Rillaboom|Fake Out|p1b: Urshifu
|-damage|p1b: Urshifu|89/100
|move|p1a: Calyrex|Astral Barrage|p2b: Gastrodon|[spread] p2a,p2b
|-damage|p2a: Rillaboom|50/100
|-damage|p2b: Gastrodon|35/100
|-damage|p1a: Calyrex|91/100|[from] item: Life Orb
|cant|p1b: Urshifu|flinch
|move|p2b: Gastrodon|Icy Wind|p1b: Urshifu|[spread] p1a,p1b
|-damage|p1a: Calyrex|82/100
|-damage|p1b: Urshifu|82/100
|-unboost|p1a: Calyrex|spe|1
|-unboost|p1b: Urshifu|spe|1
|
|-heal|p1a: Calyrex|87/100|[from] Grassy Terrain
|-heal|p2a: Rillaboom|56/100|[from] Grassy Terrain
|-heal|p1b: Urshifu|87/100|[from] Grassy Terrain
|-heal|p2b: Gastrodon|41/100|[from] Grassy Terrain
|upkeep
|turn|2
|
|t:|1750802165
|move|p2b: Gastrodon|Protect|p2b: Gastrodon
|-singleturn|p2b: Gastrodon|Protect
|move|p1a: Calyrex|Astral Barrage|p2b: Gastrodon|[spread] p2a
|-activate|p2b: Gastrodon|move: Protect
|-damage|p2a: Rillaboom|6/100
|-damage|p1a: Calyrex|78/100|[from] item: Life Orb
|move|p2a: Rillaboom|Wood Hammer|p1a: Calyrex
|-damage|p1a: Calyrex|0 fnt
|-enditem|p2b: Gastrodon|Sitrus Berry|[eat]
|-heal|p2b: Gastrodon|66/100|[from] item: Sitrus Berry
|faint|p1a: Calyrex
|-damage|p2a: Rillaboom|0 fnt|[from] Recoil
|faint|p2a: Rillaboom
|move|p1b: Urshifu|Poison Jab|p2b: Gastrodon
|-resisted|p2b: Gastrodon
|-damage|p2b: Gastrodon|53/100
|
|-heal|p1b: Urshifu|93/100|[from] Grassy Terrain
|-heal|p2b: Gastrodon|59/100|[from] Grassy Terrain
|upkeep
|inactive|SemhMTS has 30 seconds left.
|inactive|SemhMTS has 20 seconds left.
|-message|SemhMTS forfeited.
|
|win|KogaAF1219
|raw|KogaAF1219's rating: 1348 &rarr; <strong>1368</strong><br />(+20 for winning)
|raw|SemhMTS's rating: 1353 &rarr; <strong>1333</strong><br />(-20 for losing)
|l|☆SemhMTS
|player|p2|
|l|☆KogaAF1219
|player|p1|
