|j|☆Cancallkirby
|j|☆ga lau nam
|t:|1750844046
|gametype|doubles
|player|p1|Cancallkirby|veteran|1167
|player|p2|ga lau nam|101|1125
|teamsize|p1|6
|teamsize|p2|6
|gen|9
|tier|[Gen 9] VGC 2025 Reg I
|rated|
|rule|Species Clause: Limit one of each Pokémon
|rule|Item Clause: Limit 1 of each item
|clearpoke
|poke|p1|Raging Bolt, L50|
|poke|p1|Koraidon, L50|
|poke|p1|Pelipper, L50, M|
|poke|p1|Flutter Mane, L50|
|poke|p1|Zacian-*, L50|
|poke|p1|Slither Wing, L50|
|poke|p2|Ninetales-Alola, L50, M|
|poke|p2|Garchomp, L50, F|
|poke|p2|Calyrex-Shadow, L50|
|poke|p2|Terapagos, L50, M|
|poke|p2|Regice, L50|
|poke|p2|Vivillon-Pokeball, L50, F|
|teampreview|4
|inactive|Battle timer is ON: inactive players will automatically lose when time's up. (requested by Cancallkirby)
|
|t:|1750844059
|start
|switch|p1a: Koraidon|Koraidon, L50|100/100
|switch|p1b: Flutter Mane|Flutter Mane, L50|100/100
|switch|p2a: Garchomp|Garchomp, L50, F|100/100
|switch|p2b: Vivillon|Vivillon-Pokeball, L50, F|100/100
|-weather|SunnyDay|[from] ability: Orichalcum Pulse|[of] p1a: Koraidon
|-activate|p1b: Flutter Mane|ability: Protosynthesis
|-start|p1b: Flutter Mane|protosynthesisspa
|-activate|p1a: Koraidon|Orichalcum Pulse|[source]
|turn|1
|inactive|Cancallkirby has 30 seconds left.
|
|t:|1750844092
|-terastallize|p1b: Flutter Mane|Normal
|move|p1a: Koraidon|U-turn|p2b: Vivillon
|-resisted|p2b: Vivillon
|-damage|p2b: Vivillon|74/100
|
|t:|1750844097
|switch|p1a: Zacian|Zacian-Crowned, L50|100/100|[from] U-turn
|-ability|p1a: Zacian|Intrepid Sword|boost
|-boost|p1a: Zacian|atk|1
|move|p1b: Flutter Mane|Dazzling Gleam|p2b: Vivillon|[spread] p2a,p2b
|-supereffective|p2a: Garchomp
|-damage|p2a: Garchomp|0 fnt
|-damage|p2b: Vivillon|0 fnt
|faint|p2a: Garchomp
|faint|p2b: Vivillon
|
|-weather|SunnyDay|[upkeep]
|upkeep
|-message|ga lau nam forfeited.
|
|win|Cancallkirby
|raw|Cancallkirby's rating: 1167 &rarr; <strong>1189</strong><br />(+22 for winning)
|raw|ga lau nam's rating: 1125 &rarr; <strong>1103</strong><br />(-22 for losing)
|l|☆ga lau nam
|player|p2|
|l|☆Cancallkirby
|player|p1|
