|j|☆duckofjudgement
|j|☆leguilleretsmogogo
|t:|1750874979
|gametype|doubles
|player|p1|duckofjudgement|sabrina|1079
|player|p2|leguilleretsmogogo|brendan-gen3|1127
|teamsize|p1|6
|teamsize|p2|6
|gen|9
|tier|[Gen 9] VGC 2025 Reg I
|rated|
|rule|Species Clause: Limit one of each Pokémon
|rule|Item Clause: Limit 1 of each item
|clearpoke
|poke|p1|Infernape, L50, M|
|poke|p1|Annihilape, L50, M|
|poke|p1|Rillaboom, L50, M|
|poke|p1|Grafaiai, L50, F|
|poke|p1|Miraidon, L50|
|poke|p1|Kyogre, L50|
|poke|p2|Charizard, L50, M|
|poke|p2|Krookodile, L50, M|
|poke|p2|Weezing, L50, F|
|poke|p2|Koraidon, L50|
|poke|p2|Whimsicott, L50, F|
|poke|p2|Walking Wake, L50|
|teampreview|4
|inactive|Battle timer is ON: inactive players will automatically lose when time's up. (requested by leguilleretsmogogo)
duckofjudgement has agreed to open team sheets.
|inactive|duckofjudgement has 60 seconds left.
|inactive|leguilleretsmogogo has 60 seconds left.
|
|t:|1750875022
|start
|switch|p1a: Mr. Voltswitch|Miraidon, L50|100/100
|switch|p1b: Kyogre|Kyogre, L50|100/100
|switch|p2a: Harley|Koraidon, L50|100/100
|switch|p2b: Fluffy|Whimsicott, L50, F|100/100
|-weather|SunnyDay|[from] ability: Orichalcum Pulse|[of] p2a: Harley
|-activate|p2a: Harley|Orichalcum Pulse|[source]
|-fieldstart|move: Electric Terrain|[from] ability: Hadron Engine|[of] p1a: Mr. Voltswitch
|-weather|RainDance|[from] ability: Drizzle|[of] p1b: Kyogre
|turn|1
|inactive|duckofjudgement has 30 seconds left.
|inactive|leguilleretsmogogo has 30 seconds left.
|
|t:|1750875057
|move|p2b: Fluffy|Sunny Day|p2b: Fluffy
|-weather|SunnyDay
|move|p2a: Harley|Collision Course|p1b: Kyogre
|-damage|p1b: Kyogre|38/100
|move|p1a: Mr. Voltswitch|Volt Switch|p2b: Fluffy
|-resisted|p2b: Fluffy
|-damage|p2b: Fluffy|26/100
|
|t:|1750875068
|switch|p1a: Grafaiai|Grafaiai, L50, F|100/100|[from] Volt Switch
|move|p1b: Kyogre|Water Spout|p2a: Harley|[spread] p2a,p2b
|-resisted|p2a: Harley
|-resisted|p2b: Fluffy
|-damage|p2a: Harley|94/100
|-damage|p2b: Fluffy|17/100
|
|-weather|SunnyDay|[upkeep]
|-heal|p1b: Kyogre|44/100|[from] item: Leftovers
|upkeep
|turn|2
|
|t:|1750875091
|move|p2b: Fluffy|Tailwind|p2b: Fluffy
|-sidestart|p2: leguilleretsmogogo|move: Tailwind
|move|p2a: Harley|Collision Course|p1b: Kyogre
|-damage|p1b: Kyogre|0 fnt
|faint|p1b: Kyogre
|move|p1a: Grafaiai|Trailblaze|p2b: Fluffy
|-resisted|p2b: Fluffy
|-damage|p2b: Fluffy|11/100
|-boost|p1a: Grafaiai|spe|1
|
|-weather|SunnyDay|[upkeep]
|upkeep
|
|t:|1750875103
|switch|p1b: Mr. Voltswitch|Miraidon, L50|100/100
|-activate|p1b: Mr. Voltswitch|ability: Hadron Engine
|turn|3
|
|t:|1750875127
|move|p2a: Harley|Collision Course|p1b: Mr. Voltswitch
|-damage|p1b: Mr. Voltswitch|29/100
|move|p2b: Fluffy|Moonblast|p1b: Mr. Voltswitch
|-supereffective|p1b: Mr. Voltswitch
|-damage|p1b: Mr. Voltswitch|0 fnt
|faint|p1b: Mr. Voltswitch
|move|p1a: Grafaiai|Poison Jab|p2b: Fluffy
|-supereffective|p2b: Fluffy
|-damage|p2b: Fluffy|0 fnt
|faint|p2b: Fluffy
|
|-weather|SunnyDay|[upkeep]
|upkeep
|
|t:|1750875141
|switch|p1b: Infernape|Infernape, L50, M|100/100
|switch|p2b: Mushu|Charizard, L50, M|100/100
|turn|4
|inactive|duckofjudgement has 30 seconds left.
|
|t:|1750875170
|-terastallize|p2b: Mushu|Fire
|-terastallize|p1b: Infernape|Water
|move|p1b: Infernape|Fake Out|p2a: Harley
|-damage|p2a: Harley|82/100
|cant|p2a: Harley|flinch
|move|p2b: Mushu|Heat Wave|p1b: Infernape|[spread] p1a,p1b
|-resisted|p1b: Infernape
|-damage|p1a: Grafaiai|0 fnt
|-damage|p1b: Infernape|0 fnt
|faint|p1a: Grafaiai
|faint|p1b: Infernape
|
|win|leguilleretsmogogo
|raw|duckofjudgement's rating: 1079 &rarr; <strong>1060</strong><br />(-19 for losing)
|raw|leguilleretsmogogo's rating: 1127 &rarr; <strong>1149</strong><br />(+22 for winning)
|c|☆duckofjudgement|gg
|l|☆duckofjudgement
|player|p1|
|l|☆leguilleretsmogogo
|player|p2|
