|j|☆Injexion
|j|☆KatKraydel
|t:|1750773522
|gametype|doubles
|player|p1|Injexion|101|1247
|player|p2|KatKraydel|courtney|1219
|teamsize|p1|6
|teamsize|p2|6
|gen|9
|tier|[Gen 9] VGC 2025 Reg I
|rated|
|rule|Species Clause: Limit one of each Pokémon
|rule|Item Clause: Limit 1 of each item
|clearpoke
|poke|p1|Ninetales-Alola, L50, M|
|poke|p1|Calyrex-Ice, L50|
|poke|p1|Sinistcha-Masterpiece, L50|
|poke|p1|Milotic, L50, F|
|poke|p1|Urshifu-*, L50, M|
|poke|p1|Miraidon, L50|
|poke|p2|Calyrex-Shadow, L50|
|poke|p2|Zamazenta-*, L50|
|poke|p2|Pyroar, L50, F|
|poke|p2|Appletun, L50, M|
|poke|p2|Gastrodon, L50, F|
|poke|p2|Rhydon, L50, F|
|teampreview|4
|
|t:|1750773562
|start
|switch|p1a: Sinistcha|Sinistcha-Masterpiece, L50|100/100
|switch|p1b: Ninetales|Ninetales-Alola, L50, M|100/100
|switch|p2a: Rhydon|Rhydon, L50, F, shiny|100/100
|switch|p2b: Pyroar|Pyroar, L50, F, shiny|100/100
|-ability|p2b: Pyroar|Unnerve
|-weather|Snowscape|[from] ability: Snow Warning|[of] p1b: Ninetales
|turn|1
|
|t:|1750773594
|-terastallize|p1a: Sinistcha|Water
|move|p2a: Rhydon|Protect|p2a: Rhydon
|-singleturn|p2a: Rhydon|Protect
|move|p2b: Pyroar|Flamethrower|p1a: Sinistcha
|-resisted|p1a: Sinistcha
|-damage|p1a: Sinistcha|75/100
|move|p1b: Ninetales|Blizzard|p2b: Pyroar|[spread] p2b
|-activate|p2a: Rhydon|move: Protect
|-resisted|p2b: Pyroar
|-damage|p2b: Pyroar|75/100
|move|p1a: Sinistcha|Trick Room|p1a: Sinistcha
|-fieldstart|move: Trick Room|[of] p1a: Sinistcha
|
|-weather|Snowscape|[upkeep]
|upkeep
|turn|2
|l|☆Injexion
|player|p1|
|inactive|Battle timer is ON: inactive players will automatically lose when time's up. (requested by KatKraydel)
|inactive|Injexion has 30 seconds to reconnect!
|inactive|Injexion has 20 seconds to reconnect!
|inactive|Injexion has 15 seconds to reconnect!
|inactive|Injexion has 10 seconds to reconnect!
|inactive|Injexion has 5 seconds to reconnect!
|-message|Injexion lost due to inactivity.
|
|win|KatKraydel
|raw|Injexion's rating: 1247 &rarr; <strong>1220</strong><br />(-27 for losing)
|raw|KatKraydel's rating: 1219 &rarr; <strong>1246</strong><br />(+27 for winning)
|l|☆KatKraydel
|player|p2|
|j|☆Injexion
|player|p1|Injexion|101|
