|j|☆old and decrepit
|j|☆galaxiangg
|t:|1750706431
|gametype|doubles
|player|p1|old and decrepit|ruinmaniac-gen3rs|1325
|player|p2|galaxiangg|acetrainerf-gen4dp|1329
|teamsize|p1|6
|teamsize|p2|6
|gen|9
|tier|[Gen 9] VGC 2025 Reg I
|rated|
|rule|Species Clause: Limit one of each Pokémon
|rule|Item Clause: Limit 1 of each item
|clearpoke
|poke|p1|Smeargle, L50, M|
|poke|p1|Terapagos, L50, M|
|poke|p1|Ribombee, L50, F|
|poke|p1|Enamorus, L50, F|
|poke|p1|Calyrex-Shadow, L50|
|poke|p1|Flutter Mane, L50|
|poke|p2|Miraidon, L50|
|poke|p2|Farigiraf, L50, M|
|poke|p2|Salamence, L50, F|
|poke|p2|Ogerpon-Hearthflame, L50, F|
|poke|p2|Kyogre, L50|
|poke|p2|Sylveon, L50, F|
|teampreview|4
|inactive|Battle timer is ON: inactive players will automatically lose when time's up. (requested by old and decrepit)
|inactive|galaxiangg has 60 seconds left.
|
|t:|1750706478
|start
|switch|p1a: Ribombee|Ribombee, L50, F, shiny|100/100
|switch|p1b: Enamorus|Enamorus, L50, F|100/100
|switch|p2a: Farigiraf|Farigiraf, L50, M|100/100
|switch|p2b: Kyogre|Kyogre, L50|100/100
|-weather|RainDance|[from] ability: Drizzle|[of] p2b: Kyogre
|turn|1
|inactive|galaxiangg has 30 seconds left.
|
|t:|1750706506
|move|p1a: Ribombee|Tailwind|p1a: Ribombee
|-sidestart|p1: old and decrepit|move: Tailwind
|move|p1b: Enamorus|Misty Explosion|p2b: Kyogre|[spread] p1a,p2a,p2b
|-damage|p1a: Ribombee|0 fnt
|-damage|p2a: Farigiraf|51/100
|-damage|p2b: Kyogre|72/100
|faint|p1b: Enamorus
|faint|p1a: Ribombee
|move|p2b: Kyogre|Water Spout|p1: Ribombee|[notarget]
|-fail|p2b: Kyogre
|move|p2a: Farigiraf|Light Screen|p2a: Farigiraf
|-sidestart|p2: galaxiangg|move: Light Screen
|
|-weather|RainDance|[upkeep]
|upkeep
|
|t:|1750706512
|switch|p1a: Terapagos|Terapagos, L50, M|100/100
|switch|p1b: Smeargle|Smeargle, L50, M|100/100
|-activate|p1a: Terapagos|ability: Tera Shift
|detailschange|p1a: Terapagos|Terapagos-Terastal, L50, M
|-heal|p1a: Terapagos|100/100|[silent]
|turn|2
|inactive|galaxiangg has 30 seconds left.
|
|t:|1750706542
|-terastallize|p1a: Terapagos|Stellar
|detailschange|p1a: Terapagos|Terapagos-Stellar, L50, M, tera:Stellar
|-heal|p1a: Terapagos|100/100|[silent]
|-ability|p1a: Terapagos|Teraform Zero
|-weather|none
|move|p1b: Smeargle|Decorate|p1a: Terapagos
|-boost|p1a: Terapagos|atk|2
|-boost|p1a: Terapagos|spa|2
|move|p1a: Terapagos|Tera Starstorm|p2b: Kyogre|[spread] p2a,p2b
|-damage|p2a: Farigiraf|0 fnt
|-damage|p2b: Kyogre|40/100
|faint|p2a: Farigiraf
|-damage|p1a: Terapagos|91/100|[from] item: Life Orb
|move|p2b: Kyogre|Water Spout|p1a: Terapagos|[spread] p1a,p1b
|-damage|p1a: Terapagos|72/100
|-damage|p1b: Smeargle|50/100
|
|upkeep
|
|t:|1750706562
|switch|p2a: Sylveon|Sylveon, L50, F, shiny|100/100
|turn|3
|
|t:|1750706584
|move|p1b: Smeargle|Decorate|p1a: Terapagos
|-boost|p1a: Terapagos|atk|2
|-boost|p1a: Terapagos|spa|2
|move|p1a: Terapagos|Tera Starstorm|p2b: Kyogre|[spread] p2a,p2b
|-damage|p2a: Sylveon|25/100
|-damage|p2b: Kyogre|0 fnt
|faint|p2b: Kyogre
|-damage|p1a: Terapagos|62/100|[from] item: Life Orb
|move|p2a: Sylveon|Hyper Voice|p1b: Smeargle|[spread] p1a,p1b
|-damage|p1a: Terapagos|26/100
|-damage|p1b: Smeargle|0 fnt
|faint|p1b: Smeargle
|
|upkeep
|
|t:|1750706591
|switch|p2b: Miraidon|Miraidon, L50|100/100
|-fieldstart|move: Electric Terrain|[from] ability: Hadron Engine|[of] p2b: Miraidon
|turn|4
|inactive|galaxiangg has 30 seconds left.
|
|t:|1750706616
|move|p1a: Terapagos|Tera Starstorm|p2a: Sylveon|[spread] p2a,p2b
|-damage|p2a: Sylveon|0 fnt
|-damage|p2b: Miraidon|14/100
|faint|p2a: Sylveon
|-damage|p1a: Terapagos|16/100|[from] item: Life Orb
|move|p2b: Miraidon|Electro Drift|p1a: Terapagos
|-damage|p1a: Terapagos|0 fnt
|faint|p1a: Terapagos
|detailschange|p1: Terapagos|Terapagos, L50, M|[silent]
|
|win|galaxiangg
|raw|old and decrepit's rating: 1325 &rarr; <strong>1305</strong><br />(-20 for losing)
|raw|galaxiangg's rating: 1329 &rarr; <strong>1349</strong><br />(+20 for winning)
|l|☆old and decrepit
|player|p1|
|l|☆galaxiangg
|player|p2|
