|j|☆mauveracor
|j|☆Kasmir7
|t:|1750817033
|gametype|doubles
|player|p1|mauveracor|170|1281
|player|p2|Kasmir7|rood|1265
|teamsize|p1|6
|teamsize|p2|6
|gen|9
|tier|[Gen 9] VGC 2025 Reg I
|rated|
|rule|Species Clause: Limit one of each Pokémon
|rule|Item Clause: Limit 1 of each item
|clearpoke
|poke|p1|Grafaiai, L50, F|
|poke|p1|Amoonguss, L50, F|
|poke|p1|Zacian-*, L50|
|poke|p1|Miraidon, L50|
|poke|p1|Landorus, L50, M|
|poke|p1|Rillaboom, L50, F|
|poke|p2|Calyrex-Shadow, L50|
|poke|p2|Bruxish, L50, F|
|poke|p2|Indeedee-F, L50, F|
|poke|p2|Kyogre, L50|
|poke|p2|Urshifu-*, L50, F|
|poke|p2|Grimmsnarl, L50, M|
|teampreview|4
|inactive|Battle timer is ON: inactive players will automatically lose when time's up. (requested by mauveracor)
|
|t:|1750817059
|start
|switch|p1a: Grafaiai|Grafaiai, L50, F|100/100
|switch|p1b: Zacian|Zacian-Crowned, L50|100/100
|switch|p2a: Calyrex|Calyrex-Shadow, L50|100/100
|switch|p2b: Bruxish|Bruxish, L50, F|100/100
|-ability|p2a: Calyrex|As One
|-ability|p2a: Calyrex|Unnerve
|-ability|p1b: Zacian|Intrepid Sword|boost
|-boost|p1b: Zacian|atk|1
|turn|1
|
|t:|1750817077
|-terastallize|p2a: Calyrex|Fire
|move|p2b: Bruxish|Flip Turn|p2a: Calyrex
|-supereffective|p2a: Calyrex
|-damage|p2a: Calyrex|52/100
|-enditem|p2a: Calyrex|Weakness Policy
|-boost|p2a: Calyrex|atk|2|[from] item: Weakness Policy
|-boost|p2a: Calyrex|spa|2|[from] item: Weakness Policy
|
|t:|1750817084
|switch|p2b: Indeedee|Indeedee-F, L50, F|100/100|[from] Flip Turn
|-fieldstart|move: Psychic Terrain|[from] ability: Psychic Surge|[of] p2b: Indeedee
|-enditem|p2b: Indeedee|Psychic Seed
|-boost|p2b: Indeedee|spd|1|[from] item: Psychic Seed
|move|p2a: Calyrex|Expanding Force|p1b: Zacian|[spread] p1a,p1b
|-supereffective|p1a: Grafaiai
|-resisted|p1b: Zacian
|-damage|p1a: Grafaiai|0 fnt
|-damage|p1b: Zacian|35/100
|faint|p1a: Grafaiai
|-ability|p2a: Calyrex|Grim Neigh|boost
|-boost|p2a: Calyrex|spa|1
|move|p1b: Zacian|Swords Dance|p1b: Zacian
|-boost|p1b: Zacian|atk|2
|
|upkeep
|
|t:|1750817095
|switch|p1a: Rillaboom|Rillaboom, L50, F|100/100
|-fieldstart|move: Grassy Terrain|[from] ability: Grassy Surge|[of] p1a: Rillaboom
|turn|2
|
|t:|1750817116
|switch|p2b: Bruxish|Bruxish, L50, F|100/100
|move|p1a: Rillaboom|Fake Out||[still]
|cant|p2b: Bruxish|ability: Dazzling|Fake Out|[of] p1a: Rillaboom
|move|p2a: Calyrex|Astral Barrage|p1b: Zacian|[spread] p1a,p1b
|-damage|p1a: Rillaboom|3/100
|-damage|p1b: Zacian|0 fnt
|faint|p1b: Zacian
|-ability|p2a: Calyrex|Grim Neigh|boost
|-boost|p2a: Calyrex|spa|1
|
|-heal|p2a: Calyrex|58/100|[from] Grassy Terrain
|-heal|p1a: Rillaboom|9/100|[from] Grassy Terrain
|upkeep
|-message|mauveracor forfeited.
|
|win|Kasmir7
|raw|mauveracor's rating: 1281 &rarr; <strong>1255</strong><br />(-26 for losing)
|raw|Kasmir7's rating: 1265 &rarr; <strong>1291</strong><br />(+26 for winning)
|l|☆mauveracor
|player|p1|
