|j|☆TheIsley
|j|☆Krsn520
|t:|1750725403
|gametype|doubles
|player|p1|TheIsley|pokemonranger-gen4|1246
|player|p2|Krsn520|lucas-gen4pt|1160
|teamsize|p1|6
|teamsize|p2|6
|gen|9
|tier|[Gen 9] VGC 2025 Reg I
|rated|
|rule|Species Clause: Limit one of each Pokémon
|rule|Item Clause: Limit 1 of each item
|clearpoke
|poke|p1|Zacian-*, L50|
|poke|p1|Eternatus, L50|
|poke|p1|Great Tusk, L50|
|poke|p1|Amoonguss, L50, F|
|poke|p1|Cyclizar, L50, F|
|poke|p1|Tornadus, L50, M|
|poke|p2|Koraidon, L50|
|poke|p2|Terapagos, L50, M|
|poke|p2|Flutter Mane, L50|
|poke|p2|Rillaboom, L50, M|
|poke|p2|Incineroar, L50, M|
|poke|p2|Volcarona, L50, M|
|teampreview|4
|inactive|Battle timer is ON: inactive players will automatically lose when time's up. (requested by Krsn520)
|inactive|Krsn520 has 60 seconds left.
|inactive|TheIsley has 60 seconds left.
|
|t:|1750725455
|start
|switch|p1a: Cyclizar|Cyclizar, L50, F, shiny|100/100
|switch|p1b: Eternatus|Eternatus, L50|100/100
|switch|p2a: Koraidon|Koraidon, L50|100/100
|switch|p2b: Incineroar|Incineroar, L50, M|100/100
|-weather|SunnyDay|[from] ability: Orichalcum Pulse|[of] p2a: Koraidon
|-activate|p2a: Koraidon|Orichalcum Pulse|[source]
|-ability|p1b: Eternatus|Pressure
|-ability|p2b: Incineroar|Intimidate|boost
|-unboost|p1a: Cyclizar|atk|1
|-unboost|p1b: Eternatus|atk|1
|turn|1
|inactive|Krsn520 has 30 seconds left.
|inactive|Krsn520 has 20 seconds left.
|inactive|Krsn520 has 15 seconds left.
|inactive|Krsn520 has 10 seconds left.
|
|t:|1750725501
|switch|p1b: Amoonguss|Amoonguss, L50, F|100/100
|-terastallize|p2a: Koraidon|Fire
|move|p2b: Incineroar|Fake Out|p1b: Amoonguss
|-damage|p1b: Amoonguss|92/100
|-damage|p2b: Incineroar|84/100|[from] item: Rocky Helmet|[of] p1b: Amoonguss
|move|p1a: Cyclizar|Shed Tail|p1a: Cyclizar
|-start|p1a: Cyclizar|Substitute|[from] move: Shed Tail
|-damage|p1a: Cyclizar|50/100
|
|t:|1750725518
|switch|p1a: Zacian|Zacian-Crowned, L50, shiny|100/100|[from] Shed Tail
|-ability|p1a: Zacian|Intrepid Sword|boost
|-boost|p1a: Zacian|atk|1
|move|p2a: Koraidon|Flare Blitz|p1b: Amoonguss
|-supereffective|p1b: Amoonguss
|-damage|p1b: Amoonguss|0 fnt
|-damage|p2a: Koraidon|84/100|[from] item: Rocky Helmet|[of] p1b: Amoonguss
|faint|p1b: Amoonguss
|-damage|p2a: Koraidon|46/100|[from] Recoil
|-damage|p2a: Koraidon|36/100|[from] item: Life Orb
|
|-weather|SunnyDay|[upkeep]
|upkeep
|
|t:|1750725538
|switch|p1b: Eternatus|Eternatus, L50|100/100
|-ability|p1b: Eternatus|Pressure
|turn|2
|
|t:|1750725551
|move|p2a: Koraidon|Protect|p2a: Koraidon
|-singleturn|p2a: Koraidon|Protect
|move|p1a: Zacian|Sacred Sword|p2a: Koraidon
|-activate|p2a: Koraidon|move: Protect
|move|p1b: Eternatus|Dynamax Cannon|p2b: Incineroar
|-damage|p2b: Incineroar|28/100
|move|p2b: Incineroar|U-turn|p1a: Zacian
|-resisted|p1a: Zacian
|-crit|p1a: Zacian
|-activate|p1a: Zacian|move: Substitute|[damage]
|
|t:|1750725566
|switch|p2b: Rillaboom|Rillaboom, L50, M|100/100|[from] U-turn
|-fieldstart|move: Grassy Terrain|[from] ability: Grassy Surge|[of] p2b: Rillaboom
|
|-weather|SunnyDay|[upkeep]
|-heal|p2a: Koraidon|42/100|[from] Grassy Terrain
|upkeep
|turn|3
|inactive|TheIsley has 30 seconds left.
|inactive|TheIsley has 20 seconds left.
|
|t:|1750725603
|move|p2b: Rillaboom|Grassy Glide|p1a: Zacian
|-resisted|p1a: Zacian
|-activate|p1a: Zacian|move: Substitute|[damage]
|move|p1a: Zacian|Sacred Sword|p2a: Koraidon
|-damage|p2a: Koraidon|0 fnt
|faint|p2a: Koraidon
|move|p1b: Eternatus|Sludge Bomb|p2b: Rillaboom
|-supereffective|p2b: Rillaboom
|-damage|p2b: Rillaboom|37/100
|
|-weather|SunnyDay|[upkeep]
|-heal|p2b: Rillaboom|43/100|[from] Grassy Terrain
|upkeep
|-message|Krsn520 forfeited.
|
|win|TheIsley
|raw|TheIsley's rating: 1246 &rarr; <strong>1265</strong><br />(+19 for winning)
|raw|Krsn520's rating: 1160 &rarr; <strong>1141</strong><br />(-19 for losing)
|l|☆Krsn520
|player|p2|
|l|☆TheIsley
|player|p1|
