|j|☆ILuvEliGE
|j|☆Rawn2207
|t:|1750710303
|gametype|doubles
|player|p1|ILuvEliGE|fisherman-gen4|1143
|player|p2|Rawn2207|gentleman-gen4|1190
|teamsize|p1|6
|teamsize|p2|6
|gen|9
|tier|[Gen 9] VGC 2025 Reg I
|rated|
|rule|Species Clause: Limit one of each Pokémon
|rule|Item Clause: Limit 1 of each item
|clearpoke
|poke|p1|Mewtwo, L50|
|poke|p1|Koraidon, L50|
|poke|p1|Entei, L50|
|poke|p1|Great Tusk, L50|
|poke|p1|Indeedee-F, L50, F|
|poke|p1|Roaring Moon, L50|
|poke|p2|Miraidon, L50|
|poke|p2|Urshifu-*, L50, M|
|poke|p2|Lunala, L50|
|poke|p2|Iron Hands, L50|
|poke|p2|Grimmsnarl, L50, M|
|poke|p2|Ursaluna, L50, M|
|teampreview|4
|inactive|Battle timer is ON: inactive players will automatically lose when time's up. (requested by ILuvEliGE)
|
|t:|1750710323
|start
|switch|p1a: Koraidon|Koraidon, L50|100/100
|switch|p1b: Roaring Moon|Roaring Moon, L50|100/100
|switch|p2a: Miraidon|Miraidon, L50|100/100
|switch|p2b: Lunala|Lunala, L50|100/100
|-fieldstart|move: Electric Terrain|[from] ability: Hadron Engine|[of] p2a: Miraidon
|-weather|SunnyDay|[from] ability: Orichalcum Pulse|[of] p1a: Koraidon
|-activate|p1b: Roaring Moon|ability: Protosynthesis
|-start|p1b: Roaring Moon|protosynthesisspe
|-activate|p1a: Koraidon|Orichalcum Pulse|[source]
|turn|1
|inactive|Rawn2207 has 30 seconds left.
|inactive|Rawn2207 has 20 seconds left.
|
|t:|1750710359
|-terastallize|p2a: Miraidon|Electric
|move|p1b: Roaring Moon|Knock Off|p2a: Miraidon
|-damage|p2a: Miraidon|48/100
|-enditem|p2a: Miraidon|Choice Specs|[from] move: Knock Off|[of] p1b: Roaring Moon
|move|p2a: Miraidon|Volt Switch|p1b: Roaring Moon
|-resisted|p1b: Roaring Moon
|-damage|p1b: Roaring Moon|59/100
|
|t:|1750710368
|switch|p2a: Ursaluna|Ursaluna, L50, M|100/100|[from] Volt Switch
|move|p1a: Koraidon|Flare Blitz|p2a: Ursaluna
|-damage|p2a: Ursaluna|7/100
|-status|p2a: Ursaluna|brn
|-damage|p1a: Koraidon|67/100|[from] Recoil
|-damage|p1a: Koraidon|58/100|[from] item: Life Orb
|move|p2b: Lunala|Trick Room|p2b: Lunala
|-fieldstart|move: Trick Room|[of] p2b: Lunala
|
|-weather|SunnyDay|[upkeep]
|-damage|p2a: Ursaluna|1/100 brn|[from] brn
|upkeep
|turn|2
|
|t:|1750710388
|-terastallize|p1a: Koraidon|Fire
|move|p2a: Ursaluna|Facade|p1b: Roaring Moon
|-damage|p1b: Roaring Moon|0 fnt
|faint|p1b: Roaring Moon
|-end|p1b: Roaring Moon|Protosynthesis|[silent]
|move|p2b: Lunala|Meteor Beam||[still]
|-prepare|p2b: Lunala|Meteor Beam
|-boost|p2b: Lunala|spa|1
|-enditem|p2b: Lunala|Power Herb
|-anim|p2b: Lunala|Meteor Beam|p1a: Koraidon
|-supereffective|p1a: Koraidon
|-damage|p1a: Koraidon|0 fnt
|faint|p1a: Koraidon
|
|-weather|SunnyDay|[upkeep]
|-damage|p2a: Ursaluna|0 fnt|[from] brn
|faint|p2a: Ursaluna
|upkeep
|
|t:|1750710402
|switch|p2a: Iron Hands|Iron Hands, L50|100/100
|switch|p1a: Great Tusk|Great Tusk, L50|100/100
|switch|p1b: Mewtwo|Mewtwo, L50|100/100
|-ability|p1b: Mewtwo|Pressure
|-activate|p2a: Iron Hands|ability: Quark Drive
|-start|p2a: Iron Hands|quarkdriveatk
|-activate|p1a: Great Tusk|ability: Protosynthesis
|-start|p1a: Great Tusk|protosynthesisatk
|turn|3
|
|t:|1750710419
|move|p2a: Iron Hands|Fake Out|p1a: Great Tusk
|-damage|p1a: Great Tusk|87/100
|cant|p1a: Great Tusk|flinch
|move|p2b: Lunala|Moongeist Beam|p1b: Mewtwo
|-supereffective|p1b: Mewtwo
|-damage|p1b: Mewtwo|0 fnt
|faint|p1b: Mewtwo
|
|-weather|SunnyDay|[upkeep]
|upkeep
|turn|4
|-message|ILuvEliGE forfeited.
|
|win|Rawn2207
|raw|ILuvEliGE's rating: 1143 &rarr; <strong>1121</strong><br />(-22 for losing)
|raw|Rawn2207's rating: 1190 &rarr; <strong>1212</strong><br />(+22 for winning)
|l|☆ILuvEliGE
|player|p1|
|l|☆Rawn2207
|player|p2|
