|j|☆Jaker0125
|j|☆Cloud Uwu
|t:|1750871500
|gametype|doubles
|player|p1|Jaker0125|red|1313
|player|p2|Cloud Uwu|parasollady|1332
|teamsize|p1|6
|teamsize|p2|6
|gen|9
|tier|[Gen 9] VGC 2025 Reg I
|rated|
|rule|Species Clause: Limit one of each Pokémon
|rule|Item Clause: Limit 1 of each item
|clearpoke
|poke|p1|Calyrex-Ice, L50|
|poke|p1|Kyogre, L50|
|poke|p1|Blastoise, L50, F|
|poke|p1|Amoonguss, L50, M|
|poke|p1|Flutter Mane, L50|
|poke|p1|Urshifu-*, L50, F|
|poke|p2|Terapagos, L50, M|
|poke|p2|Kyogre, L50|
|poke|p2|Tsareena, L50, F|
|poke|p2|Talonflame, L50, F|
|poke|p2|Clefairy, L50, F|
|poke|p2|Smeargle, L50, F|
|teampreview|4
|inactive|Battle timer is ON: inactive players will automatically lose when time's up. (requested by Jaker0125)
|inactive|Jaker0125 has 60 seconds left.
|inactive|Cloud Uwu has 60 seconds left.
|
|t:|1750871535
|start
|switch|p1a: Flutter Mane|Flutter Mane, L50|100/100
|switch|p1b: Urshifu|Urshifu-Rapid-Strike, L50, F|100/100
|switch|p2a: Paige|Terapagos, L50, M|100/100
|switch|p2b: Frida|Smeargle, L50, F, shiny|100/100
|-activate|p2a: Paige|ability: Tera Shift
|detailschange|p2a: Paige|Terapagos-Terastal, L50, M
|-heal|p2a: Paige|100/100|[silent]
|turn|1
|inactive|Jaker0125 has 30 seconds left.
|inactive|Jaker0125 has 20 seconds left.
|inactive|Jaker0125 has 15 seconds left.
|
|t:|1750871576
|move|p2b: Frida|Fake Out|p1b: Urshifu
|-damage|p1b: Urshifu|95/100
|move|p1a: Flutter Mane|Icy Wind|p2a: Paige|[spread] p2a,p2b
|-activate|p2a: Paige|ability: Tera Shell
|-resisted|p2a: Paige
|-damage|p2a: Paige|95/100
|-damage|p2b: Frida|71/100
|-unboost|p2a: Paige|spe|1
|-unboost|p2b: Frida|spe|1
|cant|p1b: Urshifu|flinch
|move|p2a: Paige|Calm Mind|p2a: Paige
|-boost|p2a: Paige|spa|1
|-boost|p2a: Paige|spd|1
|
|-heal|p2a: Paige|100/100|[from] item: Leftovers
|upkeep
|turn|2
|inactive|Jaker0125 has 30 seconds left.
|inactive|Cloud Uwu has 30 seconds left.
|inactive|Cloud Uwu has 20 seconds left.
|inactive|Cloud Uwu has 15 seconds left.
|
|t:|1750871616
|-terastallize|p2a: Paige|Stellar
|detailschange|p2a: Paige|Terapagos-Stellar, L50, M, tera:Stellar
|-heal|p2a: Paige|100/100|[silent]
|move|p1a: Flutter Mane|Moonblast|p2b: Frida
|-damage|p2b: Frida|0 fnt
|faint|p2b: Frida
|move|p1b: Urshifu|Taunt|p2a: Paige
|-start|p2a: Paige|move: Taunt
|move|p2a: Paige|Tera Starstorm|p1b: Urshifu|[spread] p1a,p1b
|-damage|p1a: Flutter Mane|37/100
|-damage|p1b: Urshifu|0 fnt
|faint|p1b: Urshifu
|
|upkeep
|inactive|Jaker0125 has 30 seconds left.
|
|t:|1750871642
|switch|p1b: Kyogre|Kyogre, L50|100/100
|switch|p2b: Farrah Claire|Clefairy, L50, F|100/100
|-weather|RainDance|[from] ability: Drizzle|[of] p1b: Kyogre
|turn|3
|
|t:|1750871664
|move|p2b: Farrah Claire|Follow Me|p2b: Farrah Claire
|-singleturn|p2b: Farrah Claire|move: Follow Me
|move|p1a: Flutter Mane|Moonblast|p2b: Farrah Claire
|-damage|p2b: Farrah Claire|69/100
|-unboost|p2b: Farrah Claire|spa|1
|move|p1b: Kyogre|Water Spout|p2a: Paige|[spread] p2a,p2b
|-crit|p2a: Paige
|-damage|p2a: Paige|20/100
|-damage|p2b: Farrah Claire|0 fnt
|faint|p2b: Farrah Claire
|move|p2a: Paige|Tera Starstorm|p1a: Flutter Mane|[spread] p1a,p1b
|-crit|p1b: Kyogre
|-damage|p1a: Flutter Mane|0 fnt
|-damage|p1b: Kyogre|28/100
|faint|p1a: Flutter Mane
|-end|p1a: Flutter Mane|Protosynthesis|[silent]
|
|-weather|RainDance|[upkeep]
|-heal|p2a: Paige|26/100|[from] item: Leftovers
|upkeep
|
|t:|1750871679
|switch|p1a: Calyrex|Calyrex-Ice, L50|100/100
|switch|p2b: Reneé|Tsareena, L50, F, shiny|100/100
|-ability|p1a: Calyrex|As One
|-ability|p1a: Calyrex|Unnerve
|turn|4
|inactive|Jaker0125 has 30 seconds left.
|
|t:|1750871712
|move|p1b: Kyogre|Protect|p1b: Kyogre
|-singleturn|p1b: Kyogre|Protect
|move|p2b: Reneé|Power Whip|p1b: Kyogre
|-activate|p1b: Kyogre|move: Protect
|move|p2a: Paige|Tera Starstorm|p1a: Calyrex|[spread] p1a
|-activate|p1b: Kyogre|move: Protect
|-damage|p1a: Calyrex|64/100
|move|p1a: Calyrex|Glacial Lance|p2a: Paige|[spread] p2a,p2b
|-supereffective|p2b: Reneé
|-damage|p2a: Paige|0 fnt
|-damage|p2b: Reneé|0 fnt
|faint|p2a: Paige
|detailschange|p2: Paige|Terapagos, L50, M|[silent]
|faint|p2b: Reneé
|
|win|Jaker0125
|raw|Jaker0125's rating: 1313 &rarr; <strong>1334</strong><br />(+21 for winning)
|raw|Cloud Uwu's rating: 1332 &rarr; <strong>1311</strong><br />(-21 for losing)
