|j|☆den45
|j|☆fuleya
|t:|1750774088
|gametype|doubles
|player|p1|den45|266|1392
|player|p2|fuleya|102|1437
|teamsize|p1|6
|teamsize|p2|6
|gen|9
|tier|[Gen 9] VGC 2025 Reg I
|rated|
|rule|Species Clause: Limit one of each Pokémon
|rule|Item Clause: Limit 1 of each item
|clearpoke
|poke|p1|Calyrex-Ice, L50|
|poke|p1|Miraidon, L50|
|poke|p1|Iron Hands, L50|
|poke|p1|Chesnaught, L50, M|
|poke|p1|Chi-Yu, L50|
|poke|p1|Indeedee-F, L50, F|
|poke|p2|Tornadus, L50, M|
|poke|p2|Calyrex-Shadow, L50|
|poke|p2|Farigiraf, L50, F|
|poke|p2|Clefairy, L50, M|
|poke|p2|Ogerpon-Cornerstone, L50, F|
|poke|p2|Koraidon, L50|
|teampreview|4
|inactive|Battle timer is ON: inactive players will automatically lose when time's up. (requested by den45)
|inactive|den45 has 60 seconds left.
|inactive|fuleya has 60 seconds left.
|
|t:|1750774126
|start
|switch|p1a: Miraidon|Miraidon, L50|100/100
|switch|p1b: Chi-Yu|Chi-Yu, L50|100/100
|switch|p2a: Koraidon|Koraidon, L50|100/100
|switch|p2b: Clefairy|Clefairy, L50, M|100/100
|-fieldstart|move: Electric Terrain|[from] ability: Hadron Engine|[of] p1a: Miraidon
|-weather|SunnyDay|[from] ability: Orichalcum Pulse|[of] p2a: Koraidon
|-activate|p2a: Koraidon|Orichalcum Pulse|[source]
|-ability|p1b: Chi-Yu|Beads of Ruin
|turn|1
|
|t:|1750774146
|move|p1a: Miraidon|Dazzling Gleam|p2a: Koraidon|[spread] p2a,p2b
|-supereffective|p2a: Koraidon
|-damage|p2a: Koraidon|0 fnt
|-damage|p2b: Clefairy|69/100
|faint|p2a: Koraidon
|move|p1b: Chi-Yu|Overheat|p2b: Clefairy
|-damage|p2b: Clefairy|0 fnt
|-unboost|p1b: Chi-Yu|spa|2
|faint|p2b: Clefairy
|
|-weather|SunnyDay|[upkeep]
|upkeep
|
|t:|1750774153
|switch|p2a: Ogerpon|Ogerpon-Cornerstone, L50, F|100/100
|switch|p2b: Calyrex|Calyrex-Shadow, L50|100/100
|-ability|p2b: Calyrex|As One
|-ability|p2b: Calyrex|Unnerve
|turn|2
|
|t:|1750774176
|-terastallize|p2b: Calyrex|Ghost
|move|p1b: Chi-Yu|Protect|p1b: Chi-Yu
|-singleturn|p1b: Chi-Yu|Protect
|move|p1a: Miraidon|Dazzling Gleam|p2a: Ogerpon|[spread] p2a,p2b
|-damage|p2a: Ogerpon|59/100
|-damage|p2b: Calyrex|62/100
|move|p2b: Calyrex|Astral Barrage|p1a: Miraidon|[spread] p1a
|-activate|p1b: Chi-Yu|move: Protect
|-damage|p1a: Miraidon|0 fnt
|faint|p1a: Miraidon
|-ability|p2b: Calyrex|Grim Neigh|boost
|-boost|p2b: Calyrex|spa|1
|move|p2a: Ogerpon|Ivy Cudgel|p1b: Chi-Yu|[anim] Ivy Cudgel Rock
|-activate|p1b: Chi-Yu|move: Protect
|
|-weather|SunnyDay|[upkeep]
|upkeep
|
|t:|1750774191
|switch|p1a: Chesnaught|Chesnaught, L50, M|100/100
|-enditem|p1a: Chesnaught|Electric Seed
|-boost|p1a: Chesnaught|def|1|[from] item: Electric Seed
|turn|3
|inactive|fuleya has 30 seconds left.
|
|t:|1750774219
|-terastallize|p1a: Chesnaught|Steel
|move|p1a: Chesnaught|Wide Guard|p1a: Chesnaught
|-singleturn|p1a: Chesnaught|Wide Guard
|move|p2b: Calyrex|Astral Barrage|p1b: Chi-Yu|[spread] 
|-activate|p1a: Chesnaught|move: Wide Guard
|-activate|p1b: Chi-Yu|move: Wide Guard
|move|p2a: Ogerpon|Ivy Cudgel|p1a: Chesnaught|[anim] Ivy Cudgel Rock
|-resisted|p1a: Chesnaught
|-damage|p1a: Chesnaught|87/100
|move|p1b: Chi-Yu|Snarl|p2b: Calyrex|[spread] p2a,p2b
|-supereffective|p2b: Calyrex
|-damage|p2a: Ogerpon|42/100
|-damage|p2b: Calyrex|31/100
|-unboost|p2a: Ogerpon|spa|1
|-unboost|p2b: Calyrex|spa|1
|
|-weather|SunnyDay|[upkeep]
|upkeep
|turn|4
|-message|fuleya forfeited.
|
|win|den45
|raw|den45's rating: 1392 &rarr; <strong>1415</strong><br />(+23 for winning)
|raw|fuleya's rating: 1437 &rarr; <strong>1414</strong><br />(-23 for losing)
|l|☆fuleya
|player|p2|
|l|☆den45
|player|p1|
