|j|☆Sunflorasupremacy
|j|☆Borislax
|t:|1750813087
|gametype|doubles
|player|p1|Sunflorasupremacy|gardenia|1475
|player|p2|Borislax|elesa|1507
|teamsize|p1|6
|teamsize|p2|6
|gen|9
|tier|[Gen 9] VGC 2025 Reg I
|rated|
|rule|Species Clause: Limit one of each Pokémon
|rule|Item Clause: Limit 1 of each item
|clearpoke
|poke|p1|Miraidon, L50|
|poke|p1|Groudon, L50|
|poke|p1|Chien-Pao, L50|
|poke|p1|Farigiraf, L50, F|
|poke|p1|Volcarona, L50, M|
|poke|p1|Grimmsnarl, L50, M|
|poke|p2|Rayquaza, L50|
|poke|p2|Chien-Pao, L50|
|poke|p2|Dondozo, L50, F|
|poke|p2|Tatsugiri, L50, F|
|poke|p2|Calyrex-Shadow, L50|
|poke|p2|Chi-Yu, L50|
|teampreview|4
|inactive|Battle timer is ON: inactive players will automatically lose when time's up. (requested by Sunflorasupremacy)
Borislax has agreed to open team sheets.
|
|t:|1750813115
|start
|switch|p1a: Miraidon|Miraidon, L50|100/100
|switch|p1b: Grimmsnarl|Grimmsnarl, L50, M|100/100
|switch|p2a: Oogie|Rayquaza, L50|100/100
|switch|p2b: Boogie|Chien-Pao, L50|100/100
|-ability|p2b: Boogie|Sword of Ruin
|-fieldstart|move: Electric Terrain|[from] ability: Hadron Engine|[of] p1a: Miraidon
|-ability|p2a: Oogie|Air Lock
|turn|1
|inactive|Sunflorasupremacy has 30 seconds left.
|
|t:|1750813140
|-terastallize|p1a: Miraidon|Electric
|-terastallize|p2a: Oogie|Normal
|move|p2b: Boogie|Protect|p2b: Boogie
|-singleturn|p2b: Boogie|Protect
|move|p2a: Oogie|Extreme Speed|p1b: Grimmsnarl
|-damage|p1b: Grimmsnarl|0 fnt
|faint|p1b: Grimmsnarl
|move|p1a: Miraidon|Volt Switch|p2a: Oogie
|-damage|p2a: Oogie|0 fnt
|faint|p2a: Oogie
|
|t:|1750813160
|switch|p1a: Chien-Pao|Chien-Pao, L50|100/100|[from] Volt Switch
|-ability|p1a: Chien-Pao|Sword of Ruin
|
|upkeep
|inactive|Borislax has 30 seconds left.
|
|t:|1750813193
|switch|p2a: Peetuh the hoarse|Dondozo, L50, F|100/100
|switch|p1b: Miraidon|Miraidon, L50, tera:Electric|100/100
|-activate|p1b: Miraidon|ability: Hadron Engine
|turn|2
|
|t:|1750813208
|move|p1a: Chien-Pao|Protect|p1a: Chien-Pao
|-singleturn|p1a: Chien-Pao|Protect
|move|p2a: Peetuh the hoarse|Protect|p2a: Peetuh the hoarse
|-singleturn|p2a: Peetuh the hoarse|Protect
|move|p2b: Boogie|Sucker Punch|p1b: Miraidon
|-damage|p1b: Miraidon|59/100
|move|p1b: Miraidon|Parabolic Charge|p2b: Boogie|[spread] p2b
|-activate|p1a: Chien-Pao|move: Protect
|-activate|p2a: Peetuh the hoarse|move: Protect
|-crit|p2b: Boogie
|-enditem|p2b: Boogie|Focus Sash
|-damage|p2b: Boogie|1/100
|-heal|p1b: Miraidon|97/100|[from] drain|[of] p2b: Boogie
|
|upkeep
|turn|3
|inactive|Borislax has 30 seconds left.
|
|t:|1750813235
|switch|p2b: buble|Tatsugiri, L50, F, shiny|100/100
|-activate|p2b: buble|ability: Commander|[of] p2a: Peetuh the hoarse
|-boost|p2a: Peetuh the hoarse|atk|2
|-boost|p2a: Peetuh the hoarse|spa|2
|-boost|p2a: Peetuh the hoarse|spe|2
|-boost|p2a: Peetuh the hoarse|def|2
|-boost|p2a: Peetuh the hoarse|spd|2
|move|p1a: Chien-Pao|Sucker Punch||[still]
|-fail|p1a: Chien-Pao
|move|p1b: Miraidon|Electro Drift|p2a: Peetuh the hoarse
|-supereffective|p2a: Peetuh the hoarse
|-damage|p2a: Peetuh the hoarse|0 fnt
|faint|p2a: Peetuh the hoarse
|
|upkeep
|
|t:|1750813240
|switch|p2a: Boogie|Chien-Pao, L50|1/100
|-ability|p2a: Boogie|Sword of Ruin
|turn|4
|-message|Borislax forfeited.
|
|win|Sunflorasupremacy
|raw|Sunflorasupremacy's rating: 1475 &rarr; <strong>1496</strong><br />(+21 for winning)
|raw|Borislax's rating: 1490 &rarr; <strong>1469</strong><br />(-21 for losing)
|l|☆Borislax
|player|p2|
|l|☆Sunflorasupremacy
|player|p1|
