|j|☆Omm97
|j|☆leuc
|t:|1750868340
|gametype|doubles
|player|p1|Omm97|ghetsis|1350
|player|p2|leuc|acetrainer-gen4dp|1273
|teamsize|p1|6
|teamsize|p2|6
|gen|9
|tier|[Gen 9] VGC 2025 Reg I
|rated|
|rule|Species Clause: Limit one of each Pokémon
|rule|Item Clause: Limit 1 of each item
|clearpoke
|poke|p1|Calyrex-Shadow, L50|
|poke|p1|Incineroar, L50, M|
|poke|p1|Koraidon, L50|
|poke|p1|Clefairy, L50, M|
|poke|p1|Urshifu-*, L50, M|
|poke|p1|Tornadus, L50, M|
|poke|p2|Kyogre, L50|
|poke|p2|Tornadus, L50, M|
|poke|p2|Zacian-*, L50|
|poke|p2|Enamorus-Therian, L50, F|
|poke|p2|Landorus-Therian, L50, M|
|poke|p2|Thundurus, L50, M|
|teampreview|4
|inactive|Battle timer is ON: inactive players will automatically lose when time's up. (requested by leuc)
|inactive|Omm97 has 60 seconds left.
|
|t:|1750868382
|start
|switch|p1a: Urshifu|Urshifu-Rapid-Strike, L50, M|100/100
|switch|p1b: Tornadus|Tornadus, L50, M|100/100
|switch|p2a: Kyogre|Kyogre, L50|100/100
|switch|p2b: Tornadus|Tornadus, L50, M|100/100
|-weather|RainDance|[from] ability: Drizzle|[of] p2a: Kyogre
|turn|1
|inactive|leuc has 30 seconds left.
|
|t:|1750868412
|move|p1b: Tornadus|Taunt|p2b: Tornadus
|-start|p2b: Tornadus|move: Taunt
|cant|p2b: Tornadus|move: Taunt|Tailwind
|move|p2a: Kyogre|Water Spout|p1b: Tornadus|[spread] p1a,p1b
|-resisted|p1a: Urshifu
|-damage|p1a: Urshifu|28/100
|-damage|p1b: Tornadus|0 fnt
|faint|p1b: Tornadus
|move|p1a: Urshifu|Close Combat|p2a: Kyogre
|-damage|p2a: Kyogre|0 fnt
|-unboost|p1a: Urshifu|def|1
|-unboost|p1a: Urshifu|spd|1
|faint|p2a: Kyogre
|
|-weather|RainDance|[upkeep]
|upkeep
|inactive|Omm97 has 30 seconds left.
|
|t:|1750868437
|switch|p1b: Calyrex|Calyrex-Shadow, L50|100/100
|switch|p2a: Zacian|Zacian-Crowned, L50|100/100
|-ability|p1b: Calyrex|As One
|-ability|p1b: Calyrex|Unnerve
|-ability|p2a: Zacian|Intrepid Sword|boost
|-boost|p2a: Zacian|atk|1
|turn|2
|inactive|leuc has 30 seconds left.
|
|t:|1750868462
|switch|p1a: Koraidon|Koraidon, L50|100/100
|-weather|SunnyDay|[from] ability: Orichalcum Pulse|[of] p1a: Koraidon
|-activate|p1a: Koraidon|Orichalcum Pulse|[source]
|-terastallize|p1b: Calyrex|Ghost
|move|p2a: Zacian|Protect|p2a: Zacian
|-singleturn|p2a: Zacian|Protect
|move|p1b: Calyrex|Astral Barrage|p2b: Tornadus|[spread] p2b
|-activate|p2a: Zacian|move: Protect
|-enditem|p2b: Tornadus|Focus Sash
|-damage|p2b: Tornadus|1/100
|move|p2b: Tornadus|Bleakwind Storm|p1a: Koraidon|[spread] p1a,p1b
|-supereffective|p1a: Koraidon
|-damage|p1a: Koraidon|43/100
|-damage|p1b: Calyrex|69/100
|
|-weather|SunnyDay|[upkeep]
|upkeep
|turn|3
|inactive|Omm97 has 30 seconds left.
|
|t:|1750868488
|switch|p2b: Enamorus|Enamorus-Therian, L50, F|100/100
|move|p1a: Koraidon|Protect|p1a: Koraidon
|-singleturn|p1a: Koraidon|Protect
|move|p1b: Calyrex|Astral Barrage|p2b: Enamorus|[spread] p2a,p2b
|-damage|p2a: Zacian|10/100
|-damage|p2b: Enamorus|14/100
|move|p2a: Zacian|Play Rough|p1a: Koraidon
|-activate|p1a: Koraidon|move: Protect
|
|-weather|SunnyDay|[upkeep]
|upkeep
|turn|4
|
|t:|1750868505
|move|p2a: Zacian|Protect|p2a: Zacian
|-singleturn|p2a: Zacian|Protect
|move|p1b: Calyrex|Astral Barrage|p2a: Zacian|[spread] p2b
|-activate|p2a: Zacian|move: Protect
|-damage|p2b: Enamorus|0 fnt
|faint|p2b: Enamorus
|-ability|p1b: Calyrex|Grim Neigh|boost
|-boost|p1b: Calyrex|spa|1
|move|p1a: Koraidon|Flame Charge|p2a: Zacian
|-activate|p2a: Zacian|move: Protect
|
|-weather|SunnyDay|[upkeep]
|upkeep
|-message|leuc forfeited.
|
|win|Omm97
|raw|Omm97's rating: 1350 &rarr; <strong>1366</strong><br />(+16 for winning)
|raw|leuc's rating: 1273 &rarr; <strong>1253</strong><br />(-20 for losing)
|l|☆leuc
|player|p2|
|l|☆Omm97
|player|p1|
