|j|☆SpinnerVGC
|j|☆Mstr_Hawk
|t:|1750712723
|gametype|doubles
|player|p1|SpinnerVGC|benga|1262
|player|p2|Mstr_Hawk|infielder|1303
|teamsize|p1|6
|teamsize|p2|6
|gen|9
|tier|[Gen 9] VGC 2025 Reg I
|rated|
|rule|Species Clause: Limit one of each Pokémon
|rule|Item Clause: Limit 1 of each item
|clearpoke
|poke|p1|Calyrex-Ice, L50|
|poke|p1|Mewtwo, L50|
|poke|p1|Indeedee-F, L50, F|
|poke|p1|Incineroar, L50, M|
|poke|p1|Urshifu-*, L50, F|
|poke|p1|Ogerpon-Cornerstone, L50, F|
|poke|p2|Calyrex-Shadow, L50|
|poke|p2|Zamazenta-*, L50|
|poke|p2|Chien-Pao, L50|
|poke|p2|Urshifu-*, L50, M|
|poke|p2|Whimsicott, L50, F|
|poke|p2|Raging Bolt, L50|
|teampreview|4
|inactive|Battle timer is ON: inactive players will automatically lose when time's up. (requested by Mstr_Hawk)
|inactive|SpinnerVGC also wants the timer to be on.
SpinnerVGC rejected open team sheets.
|
|t:|1750712752
|start
|switch|p1a: Calyrex|Calyrex-Ice, L50|100/100
|switch|p1b: Urshifu|Urshifu-Rapid-Strike, L50, F|100/100
|switch|p2a: Calyrex|Calyrex-Shadow, L50|100/100
|switch|p2b: Urshifu|Urshifu, L50, M|100/100
|-ability|p2a: Calyrex|As One
|-ability|p2a: Calyrex|Unnerve
|-ability|p1a: Calyrex|As One
|-ability|p1a: Calyrex|Unnerve
|turn|1
|
|t:|1750712768
|switch|p2a: Zamazenta|Zamazenta-Crowned, L50, shiny|100/100
|-ability|p2a: Zamazenta|Dauntless Shield|boost
|-boost|p2a: Zamazenta|def|1
|switch|p1a: Indeedee|Indeedee-F, L50, F|100/100
|-fieldstart|move: Psychic Terrain|[from] ability: Psychic Surge|[of] p1a: Indeedee
|-terastallize|p1b: Urshifu|Water
|move|p1b: Urshifu|Surging Strikes|p2a: Zamazenta
|-crit|p2a: Zamazenta
|-damage|p2a: Zamazenta|80/100
|-crit|p2a: Zamazenta
|-damage|p2a: Zamazenta|60/100
|-crit|p2a: Zamazenta
|-damage|p2a: Zamazenta|41/100
|-hitcount|p2a: Zamazenta|3
|move|p2b: Urshifu|Wicked Blow|p1a: Indeedee
|-supereffective|p1a: Indeedee
|-crit|p1a: Indeedee
|-damage|p1a: Indeedee|0 fnt
|faint|p1a: Indeedee
|
|upkeep
|
|t:|1750712779
|switch|p1a: Mewtwo|Mewtwo, L50, shiny|100/100
|-ability|p1a: Mewtwo|Pressure
|turn|2
|
|t:|1750712799
|-terastallize|p2a: Zamazenta|Dragon
|move|p1b: Urshifu|Surging Strikes|p2b: Urshifu
|-crit|p2b: Urshifu
|-damage|p2b: Urshifu|71/100
|-crit|p2b: Urshifu
|-damage|p2b: Urshifu|40/100
|-crit|p2b: Urshifu
|-damage|p2b: Urshifu|6/100
|-hitcount|p2b: Urshifu|3
|move|p2b: Urshifu|Wicked Blow|p1a: Mewtwo
|-supereffective|p1a: Mewtwo
|-crit|p1a: Mewtwo
|-enditem|p1a: Mewtwo|Focus Sash
|-damage|p1a: Mewtwo|1/100
|move|p1a: Mewtwo|Expanding Force|p2a: Zamazenta|[spread] p2a
|-immune|p2b: Urshifu
|-damage|p2a: Zamazenta|0 fnt
|faint|p2a: Zamazenta
|
|upkeep
|
|t:|1750712817
|switch|p2a: Calyrex|Calyrex-Shadow, L50|100/100
|-ability|p2a: Calyrex|As One
|-ability|p2a: Calyrex|Unnerve
|turn|3
|
|t:|1750712834
|move|p1b: Urshifu|Surging Strikes|p2a: Calyrex
|-crit|p2a: Calyrex
|-damage|p2a: Calyrex|65/100
|-crit|p2a: Calyrex
|-damage|p2a: Calyrex|25/100
|-crit|p2a: Calyrex
|-damage|p2a: Calyrex|0 fnt
|faint|p2a: Calyrex
|-hitcount|p2: Calyrex|3
|move|p2b: Urshifu|Wicked Blow|p1b: Urshifu
|-crit|p1b: Urshifu
|-damage|p1b: Urshifu|32/100
|move|p1a: Mewtwo|Dark Pulse|p2b: Urshifu
|-resisted|p2b: Urshifu
|-damage|p2b: Urshifu|0 fnt
|faint|p2b: Urshifu
|
|upkeep
|
|t:|1750712848
|switch|p2a: Chien-Pao|Chien-Pao, L50|100/100
|-ability|p2a: Chien-Pao|Sword of Ruin
|turn|4
|
|t:|1750712859
|move|p2a: Chien-Pao|Sucker Punch|p1b: Urshifu
|-activate|p1b: Urshifu|move: Psychic Terrain
|move|p1b: Urshifu|Surging Strikes|p2a: Chien-Pao
|-crit|p2a: Chien-Pao
|-damage|p2a: Chien-Pao|62/100
|-crit|p2a: Chien-Pao
|-damage|p2a: Chien-Pao|18/100
|-crit|p2a: Chien-Pao
|-damage|p2a: Chien-Pao|0 fnt
|faint|p2a: Chien-Pao
|-hitcount|p2: Chien-Pao|3
|
|win|SpinnerVGC
|raw|SpinnerVGC's rating: 1262 &rarr; <strong>1290</strong><br />(+28 for winning)
|raw|Mstr_Hawk's rating: 1303 &rarr; <strong>1281</strong><br />(-22 for losing)
|l|☆Mstr_Hawk
|player|p2|
