|j|☆marisa_fumo_gaming
|j|☆youngtester3
|t:|1750724408
|gametype|doubles
|player|p1|marisa_fumo_gaming|266|1197
|player|p2|youngtester3|blackbelt|1166
|teamsize|p1|6
|teamsize|p2|6
|gen|9
|tier|[Gen 9] VGC 2025 Reg I
|rated|
|rule|Species Clause: Limit one of each Pokémon
|rule|Item Clause: Limit 1 of each item
|clearpoke
|poke|p1|Ninetales-Alola, L50, M|
|poke|p1|Calyrex-Ice, L50|
|poke|p1|Lunala, L50|
|poke|p1|Articuno, L50|
|poke|p1|Ogerpon-Cornerstone, L50, F|
|poke|p1|Urshifu-*, L50, M|
|poke|p2|Amoonguss, L50, F|
|poke|p2|Rayquaza, L50|
|poke|p2|Chien-Pao, L50|
|poke|p2|Araquanid, L50, F|
|poke|p2|Groudon, L50|
|poke|p2|Whimsicott, L50, M|
|teampreview|4
|inactive|Battle timer is ON: inactive players will automatically lose when time's up. (requested by marisa_fumo_gaming)
|
|t:|1750724429
|start
|switch|p1a: Articuno|Articuno, L50|100/100
|switch|p1b: Lunala|Lunala, L50|100/100
|switch|p2a: Rayquaza|Rayquaza, L50, shiny|100/100
|switch|p2b: Chien-Pao|Chien-Pao, L50|100/100
|-ability|p2b: Chien-Pao|Sword of Ruin
|-ability|p2a: Rayquaza|Air Lock
|turn|1
|inactive|youngtester3 has 30 seconds left.
|inactive|youngtester3 has 20 seconds left.
|inactive|youngtester3 has 15 seconds left.
|inactive|youngtester3 has 10 seconds left.
|
|t:|1750724474
|switch|p1b: Ninetales|Ninetales-Alola, L50, M|100/100
|-weather|Snowscape|[from] ability: Snow Warning|[of] p1b: Ninetales
|-terastallize|p2a: Rayquaza|Normal
|move|p2b: Chien-Pao|Sucker Punch||[still]
|-fail|p2b: Chien-Pao
|move|p2a: Rayquaza|Swords Dance|p2a: Rayquaza
|-boost|p2a: Rayquaza|atk|2
|move|p1a: Articuno|Blizzard|p2b: Chien-Pao|[spread] p2a
|-miss|p1a: Articuno|p2b: Chien-Pao
|-damage|p2a: Rayquaza|47/100
|
|-weather|Snowscape|[upkeep]
|upkeep
|turn|2
|inactive|youngtester3 has 30 seconds left.
|inactive|youngtester3 has 20 seconds left.
|inactive|youngtester3 has 15 seconds left.
|
|t:|1750724517
|move|p2a: Rayquaza|Extreme Speed|p1b: Ninetales
|-damage|p1b: Ninetales|0 fnt
|faint|p1b: Ninetales
|move|p2b: Chien-Pao|Sacred Sword|p1a: Articuno
|-damage|p1a: Articuno|64/100
|move|p1a: Articuno|Blizzard|p2b: Chien-Pao|[spread] p2a,p2b
|-resisted|p2b: Chien-Pao
|-damage|p2a: Rayquaza|0 fnt
|-damage|p2b: Chien-Pao|59/100
|faint|p2a: Rayquaza
|
|-weather|Snowscape|[upkeep]
|upkeep
|inactive|youngtester3 has 30 seconds left.
|inactive|youngtester3 has 20 seconds left.
|inactive|youngtester3 has 15 seconds left.
|inactive|youngtester3 has 10 seconds left.
|
|t:|1750724565
|switch|p1b: Lunala|Lunala, L50|100/100
|switch|p2a: Groudon|Groudon, L50|100/100
|-weather|SunnyDay|[from] ability: Drought|[of] p2a: Groudon
|turn|3
|
|t:|1750724590
|-terastallize|p1b: Lunala|Fairy
|move|p2a: Groudon|Crunch|p1b: Lunala
|-resisted|p1b: Lunala
|-damage|p1b: Lunala|93/100
|move|p2b: Chien-Pao|Icicle Crash|p1b: Lunala
|-damage|p1b: Lunala|55/100
|cant|p1b: Lunala|flinch
|move|p1a: Articuno|Blizzard|p2a: Groudon|[spread] p2a,p2b
|-supereffective|p2a: Groudon
|-resisted|p2b: Chien-Pao
|-damage|p2a: Groudon|0 fnt
|-damage|p2b: Chien-Pao|14/100
|faint|p2a: Groudon
|
|-weather|SunnyDay|[upkeep]
|upkeep
|
|t:|1750724592
|switch|p2a: Araquanid|Araquanid, L50, F|100/100
|turn|4
|-message|youngtester3 forfeited.
|
|win|marisa_fumo_gaming
|raw|marisa_fumo_gaming's rating: 1197 &rarr; <strong>1220</strong><br />(+23 for winning)
|raw|youngtester3's rating: 1166 &rarr; <strong>1143</strong><br />(-23 for losing)
|l|☆youngtester3
|player|p2|
|l|☆marisa_fumo_gaming
|player|p1|
