|j|☆abbottad
|j|☆hubb gubb gamer
|t:|1750740702
|gametype|doubles
|player|p1|abbottad|jogger|1191
|player|p2|hubb gubb gamer|1|1234
|teamsize|p1|6
|teamsize|p2|6
|gen|9
|tier|[Gen 9] VGC 2025 Reg I
|rated|
|rule|Species Clause: Limit one of each Pokémon
|rule|Item Clause: Limit 1 of each item
|clearpoke
|poke|p1|Calyrex-Ice, L50|
|poke|p1|Kyurem-White, L50|
|poke|p1|Slowking, L50, M|
|poke|p1|Ursaluna, L50, M|
|poke|p1|Sinistcha, L50|
|poke|p1|Incineroar, L50, M|
|poke|p2|Kyogre, L50|
|poke|p2|Lunala, L50|
|poke|p2|Overqwil, L50, F|
|poke|p2|Ogerpon-Wellspring, L50, F|
|poke|p2|Archaludon, L50, F|
|poke|p2|Tornadus, L50, M|
|teampreview|4
|inactive|Battle timer is ON: inactive players will automatically lose when time's up. (requested by abbottad)
hubb gubb gamer has agreed to open team sheets.
|inactive|hubb gubb gamer has 60 seconds left.
|
|t:|1750740743
|start
|switch|p1a: Slowking|Slowking, L50, M|100/100
|switch|p1b: Kyurem|Kyurem-White, L50|100/100
|switch|p2a: Kyogre|Kyogre, L50|100/100
|switch|p2b: Overqwil|Overqwil, L50, F|100/100
|-weather|RainDance|[from] ability: Drizzle|[of] p2a: Kyogre
|-ability|p1b: Kyurem|Turboblaze
|turn|1
|
|t:|1750740766
|-terastallize|p2b: Overqwil|Normal
|move|p2a: Kyogre|Protect|p2a: Kyogre
|-singleturn|p2a: Kyogre|Protect
|move|p1b: Kyurem|Protect|p1b: Kyurem
|-singleturn|p1b: Kyurem|Protect
|move|p2b: Overqwil|Self-Destruct|p1a: Slowking|[spread] p1a
|-activate|p2a: Kyogre|move: Protect
|-activate|p1b: Kyurem|move: Protect
|-damage|p1a: Slowking|0 fnt
|faint|p2b: Overqwil
|faint|p1a: Slowking
|
|-weather|RainDance|[upkeep]
|upkeep
|inactive|hubb gubb gamer has 30 seconds left.
|inactive|hubb gubb gamer has 20 seconds left.
|
|t:|1750740806
|switch|p2b: Lunala|Lunala, L50|100/100
|switch|p1a: Calyrex|Calyrex-Ice, L50|100/100
|-ability|p1a: Calyrex|As One
|-ability|p1a: Calyrex|Unnerve
|turn|2
|
|t:|1750740823
|-terastallize|p1a: Calyrex|Water
|move|p2b: Lunala|Meteor Beam||[still]
|-prepare|p2b: Lunala|Meteor Beam
|-boost|p2b: Lunala|spa|1
|-enditem|p2b: Lunala|Power Herb
|-anim|p2b: Lunala|Meteor Beam|p1b: Kyurem
|-supereffective|p1b: Kyurem
|-damage|p1b: Kyurem|0 fnt
|faint|p1b: Kyurem
|move|p2a: Kyogre|Origin Pulse|p1a: Calyrex
|-resisted|p1a: Calyrex
|-crit|p1a: Calyrex
|-damage|p1a: Calyrex|41/100
|move|p1a: Calyrex|Throat Chop|p2b: Lunala
|-supereffective|p2b: Lunala
|-damage|p2b: Lunala|45/100
|-start|p2b: Lunala|Throat Chop|[silent]
|
|-weather|RainDance|[upkeep]
|upkeep
|
|t:|1750740831
|switch|p1b: Sinistcha|Sinistcha, L50|100/100
|-heal|p1a: Calyrex|66/100|[from] ability: Hospitality|[of] p1b: Sinistcha
|turn|3
|
|t:|1750740846
|move|p2b: Lunala|Moongeist Beam|p1b: Sinistcha
|-supereffective|p1b: Sinistcha
|-damage|p1b: Sinistcha|0 fnt
|faint|p1b: Sinistcha
|move|p2a: Kyogre|Thunder|p1a: Calyrex
|-supereffective|p1a: Calyrex
|-damage|p1a: Calyrex|4/100
|move|p1a: Calyrex|Throat Chop|p2b: Lunala
|-supereffective|p2b: Lunala
|-damage|p2b: Lunala|0 fnt
|faint|p2b: Lunala
|-ability|p1a: Calyrex|Chilling Neigh|boost
|-boost|p1a: Calyrex|atk|1
|
|-weather|RainDance|[upkeep]
|upkeep
|
|t:|1750740853
|switch|p2b: Archaludon|Archaludon, L50, F|100/100
|turn|4
|
|t:|1750740856
|move|p2a: Kyogre|Thunder|p1a: Calyrex
|-supereffective|p1a: Calyrex
|-damage|p1a: Calyrex|0 fnt
|faint|p1a: Calyrex
|
|win|hubb gubb gamer
|raw|abbottad's rating: 1191 &rarr; <strong>1169</strong><br />(-22 for losing)
|raw|hubb gubb gamer's rating: 1234 &rarr; <strong>1256</strong><br />(+22 for winning)
|l|☆abbottad
|player|p1|
|l|☆hubb gubb gamer
|player|p2|
