|j|☆Ya what?
|j|☆Slim Killer
|t:|1750844803
|gametype|doubles
|player|p1|Ya what?|2|1269
|player|p2|Slim Killer|ethan|1199
|teamsize|p1|6
|teamsize|p2|6
|gen|9
|tier|[Gen 9] VGC 2025 Reg I
|rated|
|rule|Species Clause: Limit one of each Pokémon
|rule|Item Clause: Limit 1 of each item
|clearpoke
|poke|p1|Groudon, L50|
|poke|p1|Rillaboom, L50, F|
|poke|p1|Espathra, L50, F|
|poke|p1|Sableye, L50, F|
|poke|p1|Raging Bolt, L50|
|poke|p1|Terapagos, L50, M|
|poke|p2|Miraidon, L50|
|poke|p2|Groudon, L50|
|poke|p2|Whimsicott, L50, F|
|poke|p2|Urshifu-*, L50, M|
|poke|p2|Farigiraf, L50, M|
|poke|p2|Pelipper, L50, M|
|teampreview|4
|inactive|Battle timer is ON: inactive players will automatically lose when time's up. (requested by Slim Killer)
|inactive|Ya what? has 60 seconds left.
|inactive|Slim Killer has 60 seconds left.
|
|t:|1750844857
|start
|switch|p1a: Espathra|Espathra, L50, F|100/100
|switch|p1b: Groudon|Groudon, L50|100/100
|switch|p2a: Miraidon|Miraidon, L50|100/100
|switch|p2b: Whimsicott|Whimsicott, L50, F|100/100
|-fieldstart|move: Electric Terrain|[from] ability: Hadron Engine|[of] p2a: Miraidon
|-weather|SunnyDay|[from] ability: Drought|[of] p1b: Groudon
|turn|1
|
|t:|1750844874
|move|p1b: Groudon|Protect|p1b: Groudon
|-singleturn|p1b: Groudon|Protect
|move|p2b: Whimsicott|Tailwind|p2b: Whimsicott
|-sidestart|p2: Slim Killer|move: Tailwind
|move|p2a: Miraidon|Volt Switch|p1a: Espathra
|-enditem|p1a: Espathra|Focus Sash
|-damage|p1a: Espathra|1/100
|-damage|p2a: Miraidon|91/100|[from] item: Life Orb
|
|t:|1750844886
|switch|p2a: Urshifu|Urshifu, L50, M|100/100|[from] Volt Switch
|move|p1a: Espathra|Lumina Crash|p2a: Urshifu
|-immune|p2a: Urshifu
|
|-weather|SunnyDay|[upkeep]
|-ability|p1a: Espathra|Speed Boost|boost
|-boost|p1a: Espathra|spe|1
|upkeep
|turn|2
|
|t:|1750844906
|switch|p1b: Raging Bolt|Raging Bolt, L50|100/100
|-activate|p1b: Raging Bolt|ability: Protosynthesis
|-start|p1b: Raging Bolt|protosynthesisspa
|move|p2b: Whimsicott|Light Screen|p2b: Whimsicott
|-sidestart|p2: Slim Killer|move: Light Screen
|move|p2a: Urshifu|Wicked Blow|p1a: Espathra
|-supereffective|p1a: Espathra
|-crit|p1a: Espathra
|-damage|p1a: Espathra|0 fnt
|faint|p1a: Espathra
|
|-weather|SunnyDay|[upkeep]
|upkeep
|
|t:|1750844917
|switch|p1a: Groudon|Groudon, L50|100/100
|turn|3
|
|t:|1750844929
|move|p2a: Urshifu|Wicked Blow|p1a: Groudon
|-crit|p1a: Groudon
|-damage|p1a: Groudon|43/100
|move|p2b: Whimsicott|Moonblast|p1b: Raging Bolt
|-supereffective|p1b: Raging Bolt
|-damage|p1b: Raging Bolt|53/100
|-unboost|p1b: Raging Bolt|spa|1
|move|p1a: Groudon|Precipice Blades|p2b: Whimsicott|[spread] p2a
|-miss|p1a: Groudon|p2b: Whimsicott
|-damage|p2a: Urshifu|42/100
|move|p1b: Raging Bolt|Thunderbolt|p2a: Urshifu
|-damage|p2a: Urshifu|0 fnt
|faint|p2a: Urshifu
|-damage|p1b: Raging Bolt|43/100|[from] item: Life Orb
|
|-weather|SunnyDay|[upkeep]
|upkeep
|
|t:|1750844948
|switch|p2a: Groudon|Groudon, L50|100/100
|turn|4
|l|☆Ya what?
|inactive|Ya what? disconnected and has a minute to reconnect!
|player|p1|
|inactive|Ya what? has 30 seconds left.
|inactive|Ya what? has 20 seconds left.
|inactive|Ya what? has 15 seconds left.
|inactive|Ya what? has 10 seconds left.
|inactive|Ya what? has 5 seconds left.
|-message|Ya what? lost due to inactivity.
|
|win|Slim Killer
|raw|Ya what?'s rating: 1269 &rarr; <strong>1239</strong><br />(-30 for losing)
|raw|Slim Killer's rating: 1199 &rarr; <strong>1229</strong><br />(+30 for winning)
|l|☆Slim Killer
|player|p2|
