|j|☆RidingHoodVGC
|j|☆turtle100000000
|t:|1750735941
|gametype|doubles
|player|p1|RidingHoodVGC|cynthia-gen4|
|player|p2|turtle100000000|roxanne|
|teamsize|p1|6
|teamsize|p2|6
|gen|9
|tier|[Gen 9] VGC 2025 Reg I
|rated|Tournament battle
|rule|Species Clause: Limit one of each Pokémon
|rule|Item Clause: Limit 1 of each item
|raw|<div class="infobox"><details class="readmore" open><summary><strong>2 custom rules:</strong></summary> Force Open Team Sheets, !Open Team Sheets</details></div>
|clearpoke
|poke|p1|Incineroar, L50, F|
|poke|p1|Farigiraf, L50, M|
|poke|p1|Iron Hands, L50|
|poke|p1|Ogerpon-Cornerstone, L50, F|
|poke|p1|Miraidon, L50|
|poke|p1|Lunala, L50|
|poke|p2|Ogerpon-Wellspring, L50, F|
|poke|p2|Weezing-Galar, L50, M|
|poke|p2|Calyrex-Shadow, L50|
|poke|p2|Zamazenta-*, L50|
|poke|p2|Chi-Yu, L50|
|poke|p2|Rillaboom, L50, F|
|teampreview|4
|showteam|p1|Incineroar||RockyHelmet|Intimidate|FakeOut,KnockOff,WillOWisp,PartingShot|||F|||50|,,,,,Ghost]Farigiraf||ElectricSeed|ArmorTail|TrickRoom,FoulPlay,HelpingHand,Psychic|||M|||50|,,,,,Fairy]Iron Hands||AssaultVest|QuarkDrive|FakeOut,DrainPunch,WildCharge,LowKick||||||50|,,,,,Water]Ogerpon-Cornerstone||CornerstoneMask|Sturdy|IvyCudgel,WoodHammer,FollowMe,SpikyShield|||F|||50|,,,,,Rock]Miraidon||ChoiceSpecs|HadronEngine|DracoMeteor,ElectroDrift,VoltSwitch,DazzlingGleam||||||50|,,,,,Fairy]Lunala||PowerHerb|ShadowShield|MoongeistBeam,MeteorBeam,WideGuard,TrickRoom||||||50|,,,,,Fairy
|showteam|p2|Ogerpon-Wellspring||WellspringMask|WaterAbsorb|IvyCudgel,GrassyGlide,FollowMe,SpikyShield|||F|||50|,,,,,Water]Weezing-Galar||RockyHelmet|NeutralizingGas|Protect,Taunt,WillOWisp,DazzlingGleam|||M|||50|,,,,,Dark]Calyrex-Shadow||FocusSash|AsOneSpectrier|AstralBarrage,Psychic,Disable,Protect||||||50|,,,,,Dark]Zamazenta-Crowned||RustedShield|DauntlessShield|BodyPress,HeavySlam,WideGuard,Protect||||||50|,,,,,Dragon]Chi-Yu||ChoiceScarf|BeadsofRuin|HeatWave,Snarl,Overheat,DarkPulse||||||50|,,,,,Ghost]Rillaboom||AssaultVest|GrassySurge|FakeOut,WoodHammer,GrassyGlide,Uturn|||F|||50|,,,,,Water
|inactive|Battle timer is ON: inactive players will automatically lose when time's up. (requested by RidingHoodVGC)
|inactive|turtle100000000 has 60 seconds left.
|
|t:|1750736017
|start
|switch|p1a: Lunala|Lunala, L50|100/100
|switch|p1b: Incineroar|Incineroar, L50, F, shiny|100/100
|switch|p2a: Weezing|Weezing-Galar, L50, M|100/100
|switch|p2b: Calyrex|Calyrex-Shadow, L50|100/100
|-ability|p2a: Weezing|Neutralizing Gas
|-ability|p2b: Calyrex|As One
|-ability|p2b: Calyrex|Unnerve
|turn|1
|inactive|RidingHoodVGC has 30 seconds left.
|inactive|RidingHoodVGC has 20 seconds left.
|inactive|RidingHoodVGC has 15 seconds left.
|
|t:|1750736059
|-terastallize|p2b: Calyrex|Dark
|-terastallize|p1a: Lunala|Fairy
|move|p2a: Weezing|Protect|p2a: Weezing
|-singleturn|p2a: Weezing|Protect
|move|p2b: Calyrex|Astral Barrage|p1a: Lunala|[spread] p1a,p1b
|-resisted|p1b: Incineroar
|-damage|p1a: Lunala|65/100
|-damage|p1b: Incineroar|76/100
|move|p1b: Incineroar|Knock Off|p2b: Calyrex
|-resisted|p2b: Calyrex
|-damage|p2b: Calyrex|75/100
|-enditem|p2b: Calyrex|Focus Sash|[from] move: Knock Off|[of] p1b: Incineroar
|move|p1a: Lunala|Trick Room|p1a: Lunala
|-fieldstart|move: Trick Room|[of] p1a: Lunala
|
|upkeep
|turn|2
|j| whyyoudothat34
|inactive|RidingHoodVGC has 30 seconds left.
|inactive|turtle100000000 has 30 seconds left.
|
|t:|1750736088
|move|p2b: Calyrex|Protect|p2b: Calyrex
|-singleturn|p2b: Calyrex|Protect
|move|p2a: Weezing|Dazzling Gleam|p1b: Incineroar|[spread] p1a,p1b
|-damage|p1a: Lunala|53/100
|-damage|p1b: Incineroar|61/100
|move|p1b: Incineroar|Parting Shot|p2a: Weezing
|-unboost|p2a: Weezing|atk|1
|-unboost|p2a: Weezing|spa|1
|
|t:|1750736091
|switch|p1b: Miraidon|Miraidon, L50|100/100|[from] Parting Shot
|move|p1a: Lunala|Meteor Beam||[still]
|-prepare|p1a: Lunala|Meteor Beam
|-boost|p1a: Lunala|spa|1
|-enditem|p1a: Lunala|Power Herb
|-anim|p1a: Lunala|Meteor Beam|p2b: Calyrex
|-activate|p2b: Calyrex|move: Protect
|
|upkeep
|turn|3
|
|t:|1750736106
|-end|p2a: Weezing|ability: Neutralizing Gas
|-fieldstart|move: Electric Terrain|[from] ability: Hadron Engine|[of] p1b: Miraidon
|switch|p2a: Zamazenta|Zamazenta-Crowned, L50|100/100
|-ability|p2a: Zamazenta|Dauntless Shield|boost
|-boost|p2a: Zamazenta|def|1
|move|p1a: Lunala|Moongeist Beam|p2a: Zamazenta
|-damage|p2a: Zamazenta|40/100
|move|p1b: Miraidon|Electro Drift|p2b: Calyrex
|-damage|p2b: Calyrex|0 fnt
|faint|p2b: Calyrex
|
|upkeep
|
|t:|1750736125
|switch|p2b: Ogerpon|Ogerpon-Wellspring, L50, F|100/100
|turn|4
|
|t:|1750736139
|switch|p1b: Incineroar|Incineroar, L50, F, shiny|61/100
|-ability|p1b: Incineroar|Intimidate|boost
|-unboost|p2a: Zamazenta|atk|1
|-unboost|p2b: Ogerpon|atk|1
|move|p2a: Zamazenta|Protect|p2a: Zamazenta
|-singleturn|p2a: Zamazenta|Protect
|move|p1a: Lunala|Moongeist Beam|p2b: Ogerpon
|-damage|p2b: Ogerpon|23/100
|move|p2b: Ogerpon|Ivy Cudgel|p1a: Lunala|[anim] Ivy Cudgel Water
|-damage|p1a: Lunala|23/100
|
|upkeep
|turn|5
|l| whyyoudothat34
|j| whyyoudothat34
|inactive|turtle100000000 has 30 seconds left.
|c|☆turtle100000000|I think I lost with that dumb switch
|inactive|turtle100000000 has 20 seconds left.
|c|☆turtle100000000|gg
|-message|turtle100000000 forfeited.
|
|win|RidingHoodVGC
|n|☆RidingHoodVGC|ridinghoodvgc
|n|☆turtle100000000|turtle100000000
|n| whyyoudothat34|whyyoudothat34
|l|☆turtle100000000
|player|p2|
