|j|☆coco1543
|j|☆Punchblocker
|t:|1750882826
|gametype|doubles
|player|p1|coco1543|101|1261
|player|p2|Punchblocker|blackbelt|1233
|teamsize|p1|6
|teamsize|p2|6
|gen|9
|tier|[Gen 9] VGC 2025 Reg I
|rated|
|rule|Species Clause: Limit one of each Pokémon
|rule|Item Clause: Limit 1 of each item
|clearpoke
|poke|p1|Kyogre, L50|
|poke|p1|Toxicroak, L50, F|
|poke|p1|Zamazenta-*, L50|
|poke|p1|Cinccino, L50, M|
|poke|p1|Gliscor, L50, M|
|poke|p1|Golurk, L50|
|poke|p2|Grimmsnarl, L50, M|
|poke|p2|Indeedee-F, L50, F|
|poke|p2|Overqwil, L50, M|
|poke|p2|Chi-Yu, L50|
|poke|p2|Calyrex-Shadow, L50|
|poke|p2|Eternatus, L50|
|teampreview|4
|
|t:|1750882863
|start
|switch|p1a: Gliscor|Gliscor, L50, M|100/100
|switch|p1b: Cinccino|Cinccino, L50, M|100/100
|switch|p2a: Indeedee|Indeedee-F, L50, F|100/100
|switch|p2b: Calyrex|Calyrex-Shadow, L50|100/100
|-ability|p2b: Calyrex|As One
|-ability|p2b: Calyrex|Unnerve
|-fieldstart|move: Psychic Terrain|[from] ability: Psychic Surge|[of] p2a: Indeedee
|turn|1
|inactive|Battle timer is ON: inactive players will automatically lose when time's up. (requested by Punchblocker)
|inactive|coco1543 has 60 seconds left.
|
|t:|1750882911
|move|p2a: Indeedee|Follow Me|p2a: Indeedee
|-singleturn|p2a: Indeedee|move: Follow Me
|move|p2b: Calyrex|Expanding Force|p1a: Gliscor|[spread] p1a,p1b
|-damage|p1a: Gliscor|5/100
|-damage|p1b: Cinccino|0 fnt
|faint|p1b: Cinccino
|-ability|p2b: Calyrex|Grim Neigh|boost
|-boost|p2b: Calyrex|spa|1
|move|p1a: Gliscor|Knock Off|p2a: Indeedee
|-supereffective|p2a: Indeedee
|-damage|p2a: Indeedee|52/100
|-damage|p1a: Gliscor|0 fnt|[from] item: Rocky Helmet|[of] p2a: Indeedee
|faint|p1a: Gliscor
|
|upkeep
|
|t:|1750882922
|switch|p1b: Toxicroak|Toxicroak, L50, F|100/100
|switch|p1a: Kyogre|Kyogre, L50|100/100
|-weather|RainDance|[from] ability: Drizzle|[of] p1a: Kyogre
|turn|2
|
|t:|1750882946
|move|p2b: Calyrex|Expanding Force|p1a: Kyogre|[spread] p1a,p1b
|-supereffective|p1b: Toxicroak
|-damage|p1a: Kyogre|34/100
|-damage|p1b: Toxicroak|0 fnt
|faint|p1b: Toxicroak
|-ability|p2b: Calyrex|Grim Neigh|boost
|-boost|p2b: Calyrex|spa|1
|move|p1a: Kyogre|Surf|p2a: Indeedee|[spread] p2a,p2b
|-damage|p2a: Indeedee|0 fnt
|-damage|p2b: Calyrex|39/100
|faint|p2a: Indeedee
|
|-weather|RainDance|[upkeep]
|-heal|p1a: Kyogre|40/100|[from] item: Leftovers
|upkeep
|
|t:|1750882958
|switch|p2a: Eternatus|Eternatus, L50|100/100
|-ability|p2a: Eternatus|Pressure
|turn|3
|
|t:|1750882965
|move|p2b: Calyrex|Expanding Force|p1a: Kyogre
|-damage|p1a: Kyogre|0 fnt
|faint|p1a: Kyogre
|
|win|Punchblocker
|raw|coco1543's rating: 1261 &rarr; <strong>1234</strong><br />(-27 for losing)
|raw|Punchblocker's rating: 1233 &rarr; <strong>1260</strong><br />(+27 for winning)
|l|☆coco1543
|player|p1|
|l|☆Punchblocker
|player|p2|
