|j|☆sprezzatura_ck
|j|☆CadaverLuke
|t:|1750745600
|gametype|doubles
|player|p1|sprezzatura_ck|266|1082
|player|p2|CadaverLuke|101|1163
|teamsize|p1|6
|teamsize|p2|6
|gen|9
|tier|[Gen 9] VGC 2025 Reg I
|rated|
|rule|Species Clause: Limit one of each Pokémon
|rule|Item Clause: Limit 1 of each item
|clearpoke
|poke|p1|Wyrdeer, L50, F|
|poke|p1|Tsareena, L50, F|
|poke|p1|Greninja-*, L50, M|
|poke|p1|Infernape, L50, F|
|poke|p1|Heracross, L50, M|
|poke|p1|Jumpluff, L50, F|
|poke|p2|Whimsicott, L50, F|
|poke|p2|Metagross, L50|
|poke|p2|Kyogre, L50|
|poke|p2|Indeedee-F, L50, F|
|poke|p2|Urshifu-*, L50, F|
|poke|p2|Grimmsnarl, L50, M|
|teampreview|4
|
|t:|1750745621
|start
|switch|p1a: Tsareena|Tsareena, L50, F|100/100
|switch|p1b: Wyrdeer|Wyrdeer, L50, F|100/100
|switch|p2a: Whimsicott|Whimsicott, L50, F|100/100
|switch|p2b: Metagross|Metagross, L50|100/100
|turn|1
|
|t:|1750745656
|-terastallize|p2a: Whimsicott|Ghost
|-terastallize|p1a: Tsareena|Grass
|move|p2a: Whimsicott|Tailwind|p2a: Whimsicott
|-sidestart|p2: CadaverLuke|move: Tailwind
|move|p2b: Metagross|Explosion|p1a: Tsareena|[spread] p1a,p1b
|-immune|p2a: Whimsicott
|-damage|p1a: Tsareena|0 fnt
|-damage|p1b: Wyrdeer|0 fnt
|faint|p2b: Metagross
|faint|p1a: Tsareena
|faint|p1b: Wyrdeer
|
|upkeep
|c|☆CadaverLuke|lets keep it goin pal
|c|☆CadaverLuke|aint got no choices to think about only two left
|c|☆CadaverLuke|aight see you in 5 minutes ima make some coffee
|inactive|Battle timer is ON: inactive players will automatically lose when time's up. (requested by CadaverLuke)
|inactive|sprezzatura_ck has 60 seconds left.
|inactive|sprezzatura_ck has 30 seconds left.
|inactive|sprezzatura_ck has 20 seconds left.
|inactive|sprezzatura_ck has 15 seconds left.
|inactive|sprezzatura_ck has 10 seconds left.
|inactive|sprezzatura_ck has 5 seconds left.
|
|t:|1750745943
|switch|p1a: Jumpluff|Jumpluff, L50, F|100/100
|switch|p2b: Kyogre|Kyogre, L50|100/100
|switch|p1b: Infernape|Infernape, L50, F|100/100
|-weather|RainDance|[from] ability: Drizzle|[of] p2b: Kyogre
|turn|2
|c|☆CadaverLuke|you're cringe
|inactive|sprezzatura_ck has 30 seconds left.
|inactive|sprezzatura_ck has 20 seconds left.
|inactive|sprezzatura_ck has 15 seconds left.
|inactive|sprezzatura_ck has 10 seconds left.
|inactive|sprezzatura_ck has 5 seconds left.
|
|t:|1750745998
|move|p2a: Whimsicott|Moonblast|p1b: Infernape
|-damage|p1b: Infernape|60/100
|move|p2b: Kyogre|Water Spout|p1a: Jumpluff|[spread] p1a,p1b
|-resisted|p1a: Jumpluff
|-supereffective|p1b: Infernape
|-damage|p1a: Jumpluff|21/100
|-damage|p1b: Infernape|0 fnt
|faint|p1b: Infernape
|move|p1a: Jumpluff|Sleep Powder|p2b: Kyogre
|-status|p2b: Kyogre|slp|[from] move: Sleep Powder
|
|-weather|RainDance|[upkeep]
|upkeep
|turn|3
|inactive|sprezzatura_ck has 30 seconds left.
|inactive|CadaverLuke has 30 seconds left.
|inactive|sprezzatura_ck has 20 seconds left.
|inactive|CadaverLuke has 20 seconds left.
|inactive|sprezzatura_ck has 15 seconds left.
|inactive|sprezzatura_ck has 10 seconds left.
|inactive|sprezzatura_ck has 5 seconds left.
|
|t:|1750746053
|move|p2a: Whimsicott|Moonblast|p1a: Jumpluff
|-damage|p1a: Jumpluff|0 fnt
|faint|p1a: Jumpluff
|
|win|CadaverLuke
|raw|sprezzatura_ck's rating: 1082 &rarr; <strong>1063</strong><br />(-19 for losing)
|raw|CadaverLuke's rating: 1139 &rarr; <strong>1160</strong><br />(+21 for winning)
|l|☆CadaverLuke
|player|p2|
