|j|☆zebraschinge
|j|☆xxcaptainarchiexx
|t:|1750749779
|gametype|doubles
|player|p1|zebraschinge|169|1398
|player|p2|xxcaptainarchiexx|170|1338
|teamsize|p1|6
|teamsize|p2|6
|gen|9
|tier|[Gen 9] VGC 2025 Reg I
|rated|
|rule|Species Clause: Limit one of each Pokémon
|rule|Item Clause: Limit 1 of each item
|clearpoke
|poke|p1|Miraidon, L50|
|poke|p1|Grimmsnarl, L50, M|
|poke|p1|Calyrex-Ice, L50|
|poke|p1|Farigiraf, L50, F|
|poke|p1|Tornadus, L50, M|
|poke|p1|Diglett, L50, M|
|poke|p2|Calyrex-Ice, L50|
|poke|p2|Miraidon, L50|
|poke|p2|Grimmsnarl, L50, M|
|poke|p2|Urshifu-*, L50, M|
|poke|p2|Incineroar, L50, M|
|poke|p2|Landorus, L50, M|
|teampreview|4
|inactive|Battle timer is ON: inactive players will automatically lose when time's up. (requested by xxcaptainarchiexx)
|inactive|zebraschinge also wants the timer to be on.
|
|t:|1750749791
|start
|switch|p1a: Diglett|Diglett, L50, M|100/100
|switch|p1b: Farigiraf|Farigiraf, L50, F|100/100
|switch|p2a: Calyrex|Calyrex-Ice, L50|100/100
|switch|p2b: Grimmsnarl|Grimmsnarl, L50, M|100/100
|-ability|p2a: Calyrex|As One
|-ability|p2a: Calyrex|Unnerve
|turn|1
|inactive|zebraschinge has 30 seconds left.
|inactive|xxcaptainarchiexx has 30 seconds left.
|
|t:|1750749826
|move|p2a: Calyrex|Protect|p2a: Calyrex
|-singleturn|p2a: Calyrex|Protect
|move|p2b: Grimmsnarl|Reflect|p2b: Grimmsnarl
|-sidestart|p2: xxcaptainarchiexx|Reflect
|move|p1a: Diglett|Endeavor|p2a: Calyrex
|-activate|p2a: Calyrex|move: Protect
|move|p1b: Farigiraf|Shadow Ball|p2a: Calyrex
|-activate|p2a: Calyrex|move: Protect
|
|upkeep
|turn|2
|inactive|xxcaptainarchiexx has 30 seconds left.
|
|t:|1750749853
|move|p2b: Grimmsnarl|Light Screen|p2b: Grimmsnarl
|-sidestart|p2: xxcaptainarchiexx|move: Light Screen
|move|p1a: Diglett|Endeavor|p2a: Calyrex
|-damage|p2a: Calyrex|34/100
|move|p1b: Farigiraf|Shadow Ball|p2a: Calyrex
|-supereffective|p2a: Calyrex
|-damage|p2a: Calyrex|17/100
|move|p2a: Calyrex|Leech Seed|p1b: Farigiraf
|-start|p1b: Farigiraf|move: Leech Seed
|
|-heal|p2a: Calyrex|23/100|[from] item: Leftovers
|-damage|p1b: Farigiraf|88/100|[from] Leech Seed|[of] p2a: Calyrex
|-heal|p2a: Calyrex|36/100|[silent]
|upkeep
|turn|3
|
|t:|1750749872
|switch|p1b: Calyrex|Calyrex-Ice, L50|100/100
|-ability|p1b: Calyrex|As One
|-ability|p1b: Calyrex|Unnerve
|move|p2a: Calyrex|Protect|p2a: Calyrex
|-singleturn|p2a: Calyrex|Protect
|move|p1a: Diglett|Endeavor|p2b: Grimmsnarl
|-damage|p2b: Grimmsnarl|35/100
|move|p2b: Grimmsnarl|Spirit Break|p1a: Diglett
|-enditem|p1a: Diglett|Focus Sash
|-damage|p1a: Diglett|2/100
|-unboost|p1a: Diglett|spa|1
|
|-heal|p2a: Calyrex|42/100|[from] item: Leftovers
|upkeep
|turn|4
|inactive|xxcaptainarchiexx has 30 seconds left.
|inactive|xxcaptainarchiexx has 20 seconds left.
|inactive|xxcaptainarchiexx has 15 seconds left.
|inactive|xxcaptainarchiexx has 10 seconds left.
|
|t:|1750749921
|move|p2a: Calyrex|Protect||[still]
|-fail|p2a: Calyrex
|move|p1a: Diglett|Endeavor|p2a: Calyrex
|-damage|p2a: Calyrex|1/100
|move|p2b: Grimmsnarl|Spirit Break|p1a: Diglett
|-damage|p1a: Diglett|0 fnt
|faint|p1a: Diglett
|move|p1b: Calyrex|Glacial Lance|p2b: Grimmsnarl|[spread] p2a,p2b
|-resisted|p2a: Calyrex
|-damage|p2a: Calyrex|0 fnt
|-damage|p2b: Grimmsnarl|0 fnt
|faint|p2a: Calyrex
|faint|p2b: Grimmsnarl
|-ability|p1b: Calyrex|Chilling Neigh|boost
|-boost|p1b: Calyrex|atk|2
|
|upkeep
|-message|xxcaptainarchiexx forfeited.
|
|win|zebraschinge
|raw|zebraschinge's rating: 1398 &rarr; <strong>1415</strong><br />(+17 for winning)
|raw|xxcaptainarchiexx's rating: 1338 &rarr; <strong>1321</strong><br />(-17 for losing)
|l|☆xxcaptainarchiexx
|player|p2|
