|j|☆xdenoniox
|j|☆phalap
|t:|1750725756
|gametype|doubles
|player|p1|xdenoniox|lance|1545
|player|p2|phalap|lucas-gen4pt|1529
|teamsize|p1|6
|teamsize|p2|6
|gen|9
|tier|[Gen 9] VGC 2025 Reg I
|rated|
|rule|Species Clause: Limit one of each Pokémon
|rule|Item Clause: Limit 1 of each item
|clearpoke
|poke|p1|Miraidon, L50|
|poke|p1|Zamazenta-*, L50|
|poke|p1|Volcarona, L50, M|
|poke|p1|Chien-Pao, L50|
|poke|p1|Rillaboom, L50, M|
|poke|p1|Ogerpon, L50, F|
|poke|p2|Miraidon, L50|
|poke|p2|Calyrex-Ice, L50|
|poke|p2|Incineroar, L50, F|
|poke|p2|Farigiraf, L50, M|
|poke|p2|Urshifu-*, L50, M|
|poke|p2|Landorus, L50, M|
|teampreview|4
|inactive|Battle timer is ON: inactive players will automatically lose when time's up. (requested by phalap)
|inactive|xdenoniox has 60 seconds left.
|inactive|phalap has 60 seconds left.
|
|t:|1750725798
|start
|switch|p1a: Miraidon|Miraidon, L50|100/100
|switch|p1b: Ogerpon|Ogerpon, L50, F|100/100
|switch|p2a: Incineroar|Incineroar, L50, F|100/100
|switch|p2b: Urshifu|Urshifu-Rapid-Strike, L50, M|100/100
|-fieldstart|move: Electric Terrain|[from] ability: Hadron Engine|[of] p1a: Miraidon
|-ability|p2a: Incineroar|Intimidate|boost
|-unboost|p1a: Miraidon|atk|1
|-unboost|p1b: Ogerpon|atk|1
|-ability|p1b: Ogerpon|Defiant|boost
|-boost|p1b: Ogerpon|atk|2
|turn|1
|inactive|xdenoniox has 30 seconds left.
|inactive|phalap has 30 seconds left.
|
|t:|1750725832
|move|p2a: Incineroar|Fake Out|p1b: Ogerpon
|-damage|p1b: Ogerpon|88/100
|move|p1a: Miraidon|Volt Switch|p2b: Urshifu
|-supereffective|p2b: Urshifu
|-damage|p2b: Urshifu|0 fnt
|faint|p2b: Urshifu
|-message|phalap forfeited.
|
|win|xdenoniox
|raw|xdenoniox's rating: 1545 &rarr; <strong>1564</strong><br />(+19 for winning)
|raw|phalap's rating: 1529 &rarr; <strong>1510</strong><br />(-19 for losing)
|l|☆phalap
|player|p2|
|l|☆xdenoniox
|player|p1|
