|j|☆lj28*
|j|☆bogan7595
|t:|1750724856
|gametype|doubles
|player|p1|lj28*|dawn|1097
|player|p2|bogan7595|nate|1127
|teamsize|p1|6
|teamsize|p2|6
|gen|9
|tier|[Gen 9] VGC 2025 Reg I
|rated|
|rule|Species Clause: Limit one of each Pokémon
|rule|Item Clause: Limit 1 of each item
|clearpoke
|poke|p1|Ribombee, L50, F|
|poke|p1|Farigiraf, L50, F|
|poke|p1|Calyrex-Shadow, L50|
|poke|p1|Koraidon, L50|
|poke|p1|Krookodile, L50, M|
|poke|p1|Urshifu-*, L50, M|
|poke|p2|Braviary-Hisui, L50, M|
|poke|p2|Flamigo, L50, M|
|poke|p2|Electabuzz, L50, M|
|poke|p2|Kyogre, L50|
|poke|p2|Incineroar, L50, F|
|poke|p2|Kingdra, L50, M|
|teampreview|4
|inactive|Battle timer is ON: inactive players will automatically lose when time's up. (requested by lj28*)
|
|t:|1750724889
|start
|switch|p1a: Ribombee|Ribombee, L50, F, shiny|100/100
|switch|p1b: Urshifu|Urshifu, L50, M|100/100
|switch|p2a: Electabuzz|Electabuzz, L50, M|100/100
|switch|p2b: Kyogre|Kyogre, L50|100/100
|-weather|RainDance|[from] ability: Drizzle|[of] p2b: Kyogre
|turn|1
|inactive|bogan7595 has 30 seconds left.
|
|t:|1750724916
|-terastallize|p2b: Kyogre|Grass
|move|p1b: Urshifu|U-turn|p2b: Kyogre
|-supereffective|p2b: Kyogre
|-damage|p2b: Kyogre|41/100
|
|t:|1750724921
|switch|p1b: Koraidon|Koraidon, L50|100/100|[from] U-turn
|-weather|SunnyDay|[from] ability: Orichalcum Pulse|[of] p1b: Koraidon
|-activate|p1b: Koraidon|Orichalcum Pulse|[source]
|move|p1a: Ribombee|Tailwind|p1a: Ribombee
|-sidestart|p1: lj28*|move: Tailwind
|move|p2b: Kyogre|Water Spout|p1a: Ribombee|[spread] p1a,p1b
|-resisted|p1b: Koraidon
|-damage|p1a: Ribombee|69/100
|-damage|p1b: Koraidon|90/100
|move|p2a: Electabuzz|Thunder|p1b: Koraidon|[miss]
|-miss|p2a: Electabuzz|p1b: Koraidon
|
|-weather|SunnyDay|[upkeep]
|upkeep
|turn|2
|inactive|lj28* has 30 seconds left.
|inactive|bogan7595 has 30 seconds left.
|
|t:|1750724956
|switch|p2b: Incineroar|Incineroar, L50, F|100/100
|-ability|p2b: Incineroar|Intimidate|boost
|-unboost|p1a: Ribombee|atk|1
|-fail|p1b: Koraidon|unboost|[from] item: Clear Amulet|[of] p1b: Koraidon
|move|p1b: Koraidon|Swords Dance|p1b: Koraidon
|-boost|p1b: Koraidon|atk|2
|move|p1a: Ribombee|Pollen Puff|p2b: Incineroar
|-damage|p2b: Incineroar|73/100
|move|p2a: Electabuzz|Volt Switch|p1a: Ribombee
|-damage|p1a: Ribombee|19/100
|inactive|bogan7595 has 30 seconds left.
|
|t:|1750724981
|switch|p2a: Kyogre|Kyogre, L50, tera:Grass|41/100|[from] Volt Switch
|-weather|RainDance|[from] ability: Drizzle|[of] p2a: Kyogre
|
|-weather|RainDance|[upkeep]
|upkeep
|turn|3
|inactive|bogan7595 has 30 seconds left.
|inactive|bogan7595 has 20 seconds left.
|
|t:|1750725017
|move|p1b: Koraidon|Breaking Swipe|p2b: Incineroar|[spread] p2a,p2b
|-damage|p2a: Kyogre|0 fnt
|-damage|p2b: Incineroar|29/100
|-unboost|p2b: Incineroar|atk|1
|faint|p2a: Kyogre
|move|p1a: Ribombee|Pollen Puff|p2b: Incineroar
|-damage|p2b: Incineroar|2/100
|move|p2b: Incineroar|Knock Off|p1a: Ribombee
|-resisted|p1a: Ribombee
|-damage|p1a: Ribombee|0 fnt
|-enditem|p1a: Ribombee|Covert Cloak|[from] move: Knock Off|[of] p2b: Incineroar
|faint|p1a: Ribombee
|
|-weather|RainDance|[upkeep]
|upkeep
|
|t:|1750725034
|switch|p1a: Urshifu|Urshifu, L50, M|100/100
|switch|p2a: Braviary|Braviary-Hisui, L50, M|100/100
|turn|4
|
|t:|1750725050
|move|p1a: Urshifu|Wicked Blow|p2a: Braviary
|-supereffective|p2a: Braviary
|-crit|p2a: Braviary
|-damage|p2a: Braviary|0 fnt
|faint|p2a: Braviary
|move|p1b: Koraidon|Low Kick|p2b: Incineroar
|-supereffective|p2b: Incineroar
|-damage|p2b: Incineroar|0 fnt
|faint|p2b: Incineroar
|
|-weather|RainDance|[upkeep]
|-sideend|p1: lj28*|move: Tailwind
|upkeep
|-message|bogan7595 forfeited.
|
|win|lj28*
|raw|lj28*'s rating: 1097 &rarr; <strong>1125</strong><br />(+28 for winning)
|raw|bogan7595's rating: 1127 &rarr; <strong>1100</strong><br />(-27 for losing)
|l|☆bogan7595
|player|p2|
|l|☆lj28*
|player|p1|
