|j|‽bruh.mov
|j|☆bleezo
|t:|1750869663
|gametype|doubles
|player|p1|bruh.mov|veteran|1205
|player|p2|bleezo|170|1293
|teamsize|p1|6
|teamsize|p2|6
|gen|9
|tier|[Gen 9] VGC 2025 Reg I
|rated|
|rule|Species Clause: Limit one of each Pokémon
|rule|Item Clause: Limit 1 of each item
|clearpoke
|poke|p1|Crawdaunt, L50, M|
|poke|p1|Urshifu-*, L50, M|
|poke|p1|Kyogre, L50|
|poke|p1|Tornadus, L50, M|
|poke|p1|Palkia-Origin, L50|
|poke|p1|Scraggy, L50, M|
|poke|p2|Miraidon, L50|
|poke|p2|Urshifu-*, L50, M|
|poke|p2|Calyrex-Ice, L50|
|poke|p2|Farigiraf, L50, M|
|poke|p2|Incineroar, L50, F|
|poke|p2|Grimmsnarl, L50, M|
|teampreview|4
|inactive|Battle timer is ON: inactive players will automatically lose when time's up. (requested by bleezo)
|
|t:|1750869679
|start
|switch|p1a: Palkia|Palkia-Origin, L50|100/100
|switch|p1b: Crawdaunt|Crawdaunt, L50, M|100/100
|switch|p2a: Miraidon|Miraidon, L50|100/100
|switch|p2b: Urshifu|Urshifu-Rapid-Strike, L50, M|100/100
|-fieldstart|move: Electric Terrain|[from] ability: Hadron Engine|[of] p2a: Miraidon
|-ability|p1a: Palkia|Pressure
|turn|1
|
|t:|1750869696
|move|p2a: Miraidon|Volt Switch|p1b: Crawdaunt
|-supereffective|p1b: Crawdaunt
|-damage|p1b: Crawdaunt|0 fnt
|faint|p1b: Crawdaunt
|
|t:|1750869700
|switch|p2a: Calyrex|Calyrex-Ice, L50|100/100|[from] Volt Switch
|-ability|p2a: Calyrex|As One
|-ability|p2a: Calyrex|Unnerve
|-enditem|p2a: Calyrex|Electric Seed
|-boost|p2a: Calyrex|def|1|[from] item: Electric Seed
|move|p2b: Urshifu|Coaching|p2a: Calyrex
|-boost|p2a: Calyrex|atk|1
|-boost|p2a: Calyrex|def|1
|move|p1a: Palkia|Trick Room|p1a: Palkia
|-fieldstart|move: Trick Room|[of] p1a: Palkia
|
|upkeep
|
|t:|1750869708
|switch|p1b: Scraggy|Scraggy, L50, M, shiny|100/100
|-ability|p1b: Scraggy|Intimidate|boost
|-unboost|p2a: Calyrex|atk|1
|-unboost|p2b: Urshifu|atk|1
|turn|2
|
|t:|1750869731
|switch|p2b: Farigiraf|Farigiraf, L50, M|100/100
|-terastallize|p2a: Calyrex|Water
|move|p1b: Scraggy|Knock Off|p2a: Calyrex
|-damage|p2a: Calyrex|95/100
|move|p2a: Calyrex|Curse|p2a: Calyrex
|-unboost|p2a: Calyrex|spe|1
|-boost|p2a: Calyrex|atk|1
|-boost|p2a: Calyrex|def|1
|move|p1a: Palkia|Spacial Rend|p2a: Calyrex
|-damage|p2a: Calyrex|58/100
|
|upkeep
|turn|3
|
|t:|1750869747
|move|p2a: Calyrex|Glacial Lance|p1a: Palkia|[spread] p1a,p1b
|-damage|p1a: Palkia|12/100
|-damage|p1b: Scraggy|34/100
|move|p1b: Scraggy|Foul Play|p2a: Calyrex
|-damage|p2a: Calyrex|39/100
|move|p2b: Farigiraf|Hyper Voice|p1b: Scraggy|[spread] p1a,p1b
|-damage|p1a: Palkia|0 fnt
|-damage|p1b: Scraggy|3/100
|faint|p1a: Palkia
|-enditem|p2b: Farigiraf|Throat Spray
|-boost|p2b: Farigiraf|spa|1|[from] item: Throat Spray
|
|upkeep
|
|t:|1750869762
|switch|p1a: Kyogre|Kyogre, L50|100/100
|-weather|RainDance|[from] ability: Drizzle|[of] p1a: Kyogre
|turn|4
|
|t:|1750869791
|-terastallize|p1a: Kyogre|Water
|move|p2a: Calyrex|Body Press|p1a: Kyogre
|-damage|p1a: Kyogre|31/100
|move|p1b: Scraggy|Coaching|p1a: Kyogre
|-boost|p1a: Kyogre|atk|1
|-boost|p1a: Kyogre|def|1
|move|p2b: Farigiraf|Hyper Voice|p1a: Kyogre|[spread] p1a,p1b
|-damage|p1a: Kyogre|0 fnt
|-damage|p1b: Scraggy|0 fnt
|faint|p1a: Kyogre
|faint|p1b: Scraggy
|
|win|bleezo
|raw|bruh.mov's rating: 1205 &rarr; <strong>1186</strong><br />(-19 for losing)
|raw|bleezo's rating: 1293 &rarr; <strong>1312</strong><br />(+19 for winning)
|l|☆bleezo
|player|p2|
|l|‽bruh.mov
|player|p1|
