|j|☆Fireswhoosh
|j|☆JawedWorm
|t:|1750714986
|gametype|doubles
|player|p1|Fireswhoosh|101|1177
|player|p2|JawedWorm|ghetsis-gen5bw|1207
|teamsize|p1|6
|teamsize|p2|6
|gen|9
|tier|[Gen 9] VGC 2025 Reg I
|rated|
|rule|Species Clause: Limit one of each Pokémon
|rule|Item Clause: Limit 1 of each item
|clearpoke
|poke|p1|Kilowattrel, L50, F|
|poke|p1|Kyogre, L50|
|poke|p1|Zamazenta-*, L50|
|poke|p1|Amoonguss, L50, M|
|poke|p1|Archaludon, L50, M|
|poke|p1|Incineroar, L50, M|
|poke|p2|Miraidon, L50|
|poke|p2|Lunala, L50|
|poke|p2|Incineroar, L50, M|
|poke|p2|Smeargle, L50, M|
|poke|p2|Ursaluna, L50, M|
|poke|p2|Urshifu-*, L50, M|
|teampreview|4
|inactive|Battle timer is ON: inactive players will automatically lose when time's up. (requested by Fireswhoosh)
|inactive|Fireswhoosh has 60 seconds left.
|inactive|JawedWorm has 60 seconds left.
|inactive|JawedWorm has 30 seconds left.
|
|t:|1750715047
|start
|switch|p1a: Kilowattrel|Kilowattrel, L50, F|100/100
|switch|p1b: Kyogre|Kyogre, L50|100/100
|switch|p2a: Miraidon|Miraidon, L50|100/100
|switch|p2b: Smeargle|Smeargle, L50, M|100/100
|-fieldstart|move: Electric Terrain|[from] ability: Hadron Engine|[of] p2a: Miraidon
|-weather|RainDance|[from] ability: Drizzle|[of] p1b: Kyogre
|turn|1
|
|t:|1750715063
|move|p1b: Kyogre|Protect|p1b: Kyogre
|-singleturn|p1b: Kyogre|Protect
|move|p2b: Smeargle|Fake Out|p1b: Kyogre
|-activate|p1b: Kyogre|move: Protect
|move|p2a: Miraidon|Draco Meteor|p1b: Kyogre
|-activate|p1b: Kyogre|move: Protect
|move|p1a: Kilowattrel|Tailwind|p1a: Kilowattrel
|-sidestart|p1: Fireswhoosh|move: Tailwind
|-start|p1a: Kilowattrel|Charge|Tailwind|[from] ability: Wind Power
|
|-weather|RainDance|[upkeep]
|upkeep
|turn|2
|inactive|Fireswhoosh has 30 seconds left.
|inactive|JawedWorm has 30 seconds left.
|
|t:|1750715094
|switch|p2a: Lunala|Lunala, L50|100/100
|-enditem|p2a: Lunala|Electric Seed
|-boost|p2a: Lunala|def|1|[from] item: Electric Seed
|-terastallize|p1b: Kyogre|Grass
|move|p1a: Kilowattrel|Volt Switch|p2b: Smeargle
|-damage|p2b: Smeargle|17/100
|-end|p1a: Kilowattrel|Charge|[silent]
|
|t:|1750715104
|switch|p1a: Amoonguss|Amoonguss, L50, M|100/100|[from] Volt Switch
|move|p1b: Kyogre|Water Spout|p2a: Lunala|[spread] p2a,p2b
|-crit|p2b: Smeargle
|-damage|p2a: Lunala|63/100
|-damage|p2b: Smeargle|0 fnt
|faint|p2b: Smeargle
|
|-weather|RainDance|[upkeep]
|upkeep
|
|t:|1750715116
|switch|p2b: Incineroar|Incineroar, L50, M, shiny|100/100
|-ability|p2b: Incineroar|Intimidate|boost
|-unboost|p1a: Amoonguss|atk|1
|-unboost|p1b: Kyogre|atk|1
|turn|3
|
|t:|1750715129
|move|p2b: Incineroar|Fake Out|p1a: Amoonguss
|-damage|p1a: Amoonguss|91/100
|-damage|p2b: Incineroar|84/100|[from] item: Rocky Helmet|[of] p1a: Amoonguss
|move|p1b: Kyogre|Water Spout|p2a: Lunala|[spread] p2a,p2b
|-supereffective|p2b: Incineroar
|-damage|p2a: Lunala|0 fnt
|-damage|p2b: Incineroar|0 fnt
|faint|p2a: Lunala
|faint|p2b: Incineroar
|cant|p1a: Amoonguss|flinch
|
|-weather|RainDance|[upkeep]
|upkeep
|-message|JawedWorm forfeited.
|
|win|Fireswhoosh
|raw|Fireswhoosh's rating: 1177 &rarr; <strong>1204</strong><br />(+27 for winning)
|raw|JawedWorm's rating: 1207 &rarr; <strong>1180</strong><br />(-27 for losing)
|l|☆JawedWorm
|player|p2|
|l|☆Fireswhoosh
|player|p1|
