|j|☆A Regu1ar Guy
|j|☆practicesemijrlman
|t:|1750721973
|gametype|doubles
|player|p1|A Regu1ar Guy|elesa|
|player|p2|practicesemijrlman|lucas|
|teamsize|p1|6
|teamsize|p2|6
|gen|9
|tier|[Gen 9] VGC 2025 Reg I
|rated|Tournament battle
|rule|Species Clause: Limit one of each Pokémon
|rule|Item Clause: Limit 1 of each item
|raw|<div class="infobox"><details class="readmore" open><summary><strong>2 custom rules:</strong></summary> Force Open Team Sheets, !Open Team Sheets</details></div>
|clearpoke
|poke|p1|Calyrex-Shadow, L50|
|poke|p1|Zamazenta-*, L50|
|poke|p1|Chien-Pao, L50|
|poke|p1|Rillaboom, L50, F|
|poke|p1|Raging Bolt, L50|
|poke|p1|Ogerpon-Hearthflame, L50, F|
|poke|p2|Flutter Mane, L50|
|poke|p2|Koraidon, L50|
|poke|p2|Chi-Yu, L50|
|poke|p2|Calyrex-Shadow, L50|
|poke|p2|Indeedee-F, L50, F|
|poke|p2|Tornadus, L50, M|
|teampreview|4
|showteam|p1|Calyrex-Shadow||FocusSash|AsOneSpectrier|AstralBarrage,Psychic,Encore,Protect||||||50|,,,,,Ghost]Zamazenta-Crowned||RustedShield|DauntlessShield|BodyPress,HeavySlam,WideGuard,Protect||||||50|,,,,,Dragon]Chien-Pao||LifeOrb|SwordofRuin|IcicleCrash,SuckerPunch,Taunt,Protect||||||50|,,,,,Stellar]Rillaboom||AssaultVest|GrassySurge|WoodHammer,GrassyGlide,Uturn,FakeOut|||F|||50|,,,,,Fire]Raging Bolt||BoosterEnergy|Protosynthesis|Thunderbolt,Thunderclap,DracoMeteor,Protect||||||50|,,,,,Electric]Ogerpon-Hearthflame||HearthflameMask|MoldBreaker|IvyCudgel,GrassyGlide,FollowMe,SpikyShield|||F|||50|,,,,,Fire
|showteam|p2|Flutter Mane||FocusSash|Protosynthesis|ShadowBall,IcyWind,Moonblast,Protect||||||50|,,,,,Fairy]Koraidon||LifeOrb|OrichalcumPulse|FlareBlitz,CloseCombat,FlameCharge,Protect||||||50|,,,,,Fire]Chi-Yu||ChoiceScarf|BeadsofRuin|DarkPulse,HeatWave,Overheat,Ruination||||||50|,,,,,Ghost]Calyrex-Shadow||ChoiceSpecs|AsOneSpectrier|DarkPulse,AstralBarrage,Trick,ExpandingForce||||||50|,,,,,Ghost]Indeedee-F||PsychicSeed|PsychicSurge|Imprison,FollowMe,TrickRoom,DazzlingGleam|||F|||50|,,,,,Fairy]Tornadus||CovertCloak|Prankster|BleakwindStorm,Taunt,SunnyDay,Tailwind|||M|||50|,,,,,Dark
|inactive|Battle timer is ON: inactive players will automatically lose when time's up. (requested by practicesemijrlman)
|j| Cylince
|c|☆A Regu1ar Guy|Glhf
|j| Snowstorm brute
|c|☆practicesemijrlman|glhf
|j| Tg511
|inactive|A Regu1ar Guy has 60 seconds left.
|inactive|practicesemijrlman has 60 seconds left.
|j| The Portal Master
|j| Iamsliverfish
|inactive|A Regu1ar Guy has 30 seconds left.
|j| imgoldshark07
|inactive|A Regu1ar Guy has 20 seconds left.
|
|t:|1750722046
|start
|switch|p1a: Zamazenta|Zamazenta-Crowned, L50|100/100
|switch|p1b: Raging Bolt|Raging Bolt, L50|100/100
|switch|p2a: Speed Up|Tornadus, L50, M|100/100
|switch|p2b: Red Yoshi|Koraidon, L50|100/100
|-weather|SunnyDay|[from] ability: Orichalcum Pulse|[of] p2b: Red Yoshi
|-activate|p1b: Raging Bolt|ability: Protosynthesis
|-start|p1b: Raging Bolt|protosynthesisspa
|-activate|p2b: Red Yoshi|Orichalcum Pulse|[source]
|-ability|p1a: Zamazenta|Dauntless Shield|boost
|-boost|p1a: Zamazenta|def|1
|turn|1
|j| pikipek dab
|c| imgoldshark07|Omg it's imsliverfish
|
|t:|1750722064
|move|p2a: Speed Up|Tailwind|p2a: Speed Up
|-sidestart|p2: practicesemijrlman|move: Tailwind
|move|p2b: Red Yoshi|Close Combat|p1b: Raging Bolt
|-damage|p1b: Raging Bolt|13/100
|-unboost|p2b: Red Yoshi|def|1
|-unboost|p2b: Red Yoshi|spd|1
|-damage|p2b: Red Yoshi|91/100|[from] item: Life Orb
|move|p1a: Zamazenta|Body Press|p2b: Red Yoshi
|-damage|p2b: Red Yoshi|0 fnt
|faint|p2b: Red Yoshi
|move|p1b: Raging Bolt|Thunderbolt|p2a: Speed Up
|-supereffective|p2a: Speed Up
|-crit|p2a: Speed Up
|-damage|p2a: Speed Up|0 fnt
|faint|p2a: Speed Up
|
|-weather|SunnyDay|[upkeep]
|upkeep
|
|t:|1750722080
|switch|p2b: Not Yoshi|Calyrex-Shadow, L50|100/100
|switch|p2a: Biddybuggy|Chi-Yu, L50|100/100
|-ability|p2b: Not Yoshi|As One
|-ability|p2b: Not Yoshi|Unnerve
|-ability|p2a: Biddybuggy|Beads of Ruin
|turn|2
|j| MoodyMukVGC
|inactive|practicesemijrlman has 30 seconds left.
|
|t:|1750722109
|-terastallize|p1b: Raging Bolt|Electric
|move|p1a: Zamazenta|Protect|p1a: Zamazenta
|-singleturn|p1a: Zamazenta|Protect
|move|p1b: Raging Bolt|Thunderclap|p2a: Biddybuggy
|-damage|p2a: Biddybuggy|16/100
|move|p2a: Biddybuggy|Dark Pulse|p1b: Raging Bolt
|-damage|p1b: Raging Bolt|0 fnt
|faint|p1b: Raging Bolt
|-end|p1b: Raging Bolt|Protosynthesis|[silent]
|move|p2b: Not Yoshi|Trick|p2a: Biddybuggy
|-activate|p2b: Not Yoshi|move: Trick|[of] p2a: Biddybuggy
|-item|p2a: Biddybuggy|Choice Specs|[from] move: Trick
|-item|p2b: Not Yoshi|Choice Scarf|[from] move: Trick
|
|-weather|SunnyDay|[upkeep]
|upkeep
|
|t:|1750722121
|switch|p1b: Chien-Pao|Chien-Pao, L50|100/100
|-ability|p1b: Chien-Pao|Sword of Ruin
|turn|3
|j|@Bright Size
|inactive|practicesemijrlman has 30 seconds left.
|c|☆A Regu1ar Guy|Hm if you trick and gain a different scarf do you get to choose a new move to be locked into?
|inactive|practicesemijrlman has 20 seconds left.
|
|t:|1750722161
|-terastallize|p2b: Not Yoshi|Ghost
|move|p1b: Chien-Pao|Sucker Punch|p2a: Biddybuggy
|-resisted|p2a: Biddybuggy
|-damage|p2a: Biddybuggy|0 fnt
|faint|p2a: Biddybuggy
|-damage|p1b: Chien-Pao|91/100|[from] item: Life Orb
|move|p2b: Not Yoshi|Astral Barrage|p1b: Chien-Pao|[spread] p1a,p1b
|-resisted|p1b: Chien-Pao
|-damage|p1a: Zamazenta|46/100
|-damage|p1b: Chien-Pao|33/100
|move|p1a: Zamazenta|Heavy Slam|p2b: Not Yoshi
|-damage|p2b: Not Yoshi|23/100
|
|-weather|SunnyDay|[upkeep]
|upkeep
|turn|4
|c| Snowstorm brute|does it matter
|j| kommobestpseudo
|c|☆A Regu1ar Guy|Guess you can
|
|t:|1750722170
|move|p1b: Chien-Pao|Sucker Punch|p2b: Not Yoshi
|-supereffective|p2b: Not Yoshi
|-crit|p2b: Not Yoshi
|-damage|p2b: Not Yoshi|0 fnt
|faint|p2b: Not Yoshi
|-damage|p1b: Chien-Pao|23/100|[from] item: Life Orb
|
|win|A Regu1ar Guy
|n|☆A Regu1ar Guy|aregu1arguy
|n|☆practicesemijrlman|practicesemijrlman
|n| Cylince|cylince
|n| Snowstorm brute|snowstormbrute
|n| Tg511|tg511
|n| The Portal Master|theportalmaster
|n| Iamsliverfish|iamsliverfish
|n| imgoldshark07|imgoldshark07
|n| pikipek dab|pikipekdab
|n| MoodyMukVGC|moodymukvgc
|n| Bright Size|brightsize
|n| kommobestpseudo|kommobestpseudo
