|j|☆koala is cool
|j|☆HeckMe
|t:|1750735189
|gametype|doubles
|player|p1|koala is cool|169|1098
|player|p2|HeckMe|n-masters|1242
|teamsize|p1|6
|teamsize|p2|6
|gen|9
|tier|[Gen 9] VGC 2025 Reg I
|rated|
|rule|Species Clause: Limit one of each Pokémon
|rule|Item Clause: Limit 1 of each item
|clearpoke
|poke|p1|Smeargle, L50, M|
|poke|p1|Eternatus, L50|
|poke|p1|Kommo-o, L50, F|
|poke|p1|Orthworm, L50, F|
|poke|p1|Blaziken, L50, M|
|poke|p1|Cyclizar, L50, M|
|poke|p2|Groudon, L50|
|poke|p2|Miraidon, L50|
|poke|p2|Iron Bundle, L50|
|poke|p2|Whimsicott, L50, M|
|poke|p2|Incineroar, L50, M|
|poke|p2|Iron Hands, L50|
|teampreview|4
|inactive|Battle timer is ON: inactive players will automatically lose when time's up. (requested by HeckMe)
HeckMe has agreed to open team sheets.
|inactive|koala is cool has 60 seconds left.
|inactive|HeckMe has 60 seconds left.
|
|t:|1750735226
|start
|switch|p1a: Orthworm|Orthworm, L50, F|100/100
|switch|p1b: Cyclizar|Cyclizar, L50, M|100/100
|switch|p2a: Miraidon|Miraidon, L50|100/100
|switch|p2b: Incineroar|Incineroar, L50, M, shiny|100/100
|-fieldstart|move: Electric Terrain|[from] ability: Hadron Engine|[of] p2a: Miraidon
|-ability|p2b: Incineroar|Intimidate|boost
|-unboost|p1a: Orthworm|atk|1
|-unboost|p1b: Cyclizar|atk|1
|turn|1
|
|t:|1750735241
|-terastallize|p2a: Miraidon|Electric
|move|p1a: Orthworm|Protect|p1a: Orthworm
|-singleturn|p1a: Orthworm|Protect
|move|p2b: Incineroar|Fake Out|p1b: Cyclizar
|-damage|p1b: Cyclizar|85/100
|move|p2a: Miraidon|Volt Switch|p1a: Orthworm
|-activate|p1a: Orthworm|move: Protect
|cant|p1b: Cyclizar|flinch
|
|upkeep
|turn|2
|
|t:|1750735255
|move|p2a: Miraidon|Volt Switch|p1b: Cyclizar
|-resisted|p1b: Cyclizar
|-damage|p1b: Cyclizar|0 fnt
|faint|p1b: Cyclizar
|
|t:|1750735262
|switch|p2a: Groudon|Groudon, L50|100/100|[from] Volt Switch
|-weather|SunnyDay|[from] ability: Drought|[of] p2a: Groudon
|move|p2b: Incineroar|Flare Blitz|p1a: Orthworm
|-supereffective|p1a: Orthworm
|-damage|p1a: Orthworm|12/100
|-status|p1a: Orthworm|brn
|-enditem|p1a: Orthworm|Wiki Berry|[eat]
|-heal|p1a: Orthworm|46/100 brn|[from] item: Wiki Berry
|-damage|p2b: Incineroar|74/100|[from] Recoil
|move|p1a: Orthworm|Shed Tail|p1a: Orthworm
|-fail|p1a: Orthworm|move: Shed Tail|[weak]
|
|-weather|SunnyDay|[upkeep]
|-damage|p1a: Orthworm|39/100 brn|[from] brn
|upkeep
|-message|koala is cool forfeited.
|
|win|HeckMe
|raw|koala is cool's rating: 1098 &rarr; <strong>1083</strong><br />(-15 for losing)
|raw|HeckMe's rating: 1242 &rarr; <strong>1257</strong><br />(+15 for winning)
|l|☆koala is cool
|player|p1|
|l|☆HeckMe
|player|p2|
