|j|‽Regulation Eye
|j|☆Alox01
|t:|1750721622
|gametype|doubles
|player|p1|Regulation Eye|twins-gen4dp|1199
|player|p2|Alox01|266|1143
|teamsize|p1|6
|teamsize|p2|6
|gen|9
|tier|[Gen 9] VGC 2025 Reg I
|rated|
|rule|Species Clause: Limit one of each Pokémon
|rule|Item Clause: Limit 1 of each item
|clearpoke
|poke|p1|Calyrex-Ice, L50|
|poke|p1|Miraidon, L50|
|poke|p1|Incineroar, L50, F|
|poke|p1|Whimsicott, L50, F|
|poke|p1|Flutter Mane, L50|
|poke|p1|Urshifu-*, L50, F|
|poke|p2|Calyrex-Shadow, L50|
|poke|p2|Koraidon, L50|
|poke|p2|Indeedee-F, L50, F|
|poke|p2|Walking Wake, L50|
|poke|p2|Brute Bonnet, L50|
|poke|p2|Heatran, L50, M|
|teampreview|4
|inactive|Battle timer is ON: inactive players will automatically lose when time's up. (requested by Regulation Eye)
|
|t:|1750721651
|start
|switch|p1a: Calyrex|Calyrex-Ice, L50|100/100
|switch|p1b: Incineroar|Incineroar, L50, F|100/100
|switch|p2a: Koraidon|Koraidon, L50|100/100
|switch|p2b: Brute Bonnet|Brute Bonnet, L50|100/100
|-ability|p1a: Calyrex|As One
|-ability|p1a: Calyrex|Unnerve
|-weather|SunnyDay|[from] ability: Orichalcum Pulse|[of] p2a: Koraidon
|-activate|p2b: Brute Bonnet|ability: Protosynthesis
|-start|p2b: Brute Bonnet|protosynthesisatk
|-activate|p2a: Koraidon|Orichalcum Pulse|[source]
|-ability|p1b: Incineroar|Intimidate|boost
|-unboost|p2a: Koraidon|atk|1
|-unboost|p2b: Brute Bonnet|atk|1
|turn|1
|inactive|Regulation Eye has 30 seconds left.
|inactive|Alox01 has 30 seconds left.
|
|t:|1750721685
|-terastallize|p2a: Koraidon|Fire
|-terastallize|p1b: Incineroar|Ghost
|move|p2a: Koraidon|Flare Blitz|p1a: Calyrex
|-supereffective|p1a: Calyrex
|-damage|p1a: Calyrex|0 fnt
|faint|p1a: Calyrex
|-damage|p2a: Koraidon|67/100|[from] Recoil
|-damage|p2a: Koraidon|58/100|[from] item: Life Orb
|move|p1b: Incineroar|Flare Blitz|p2b: Brute Bonnet
|-supereffective|p2b: Brute Bonnet
|-damage|p2b: Brute Bonnet|0 fnt
|faint|p2b: Brute Bonnet
|-end|p2b: Brute Bonnet|Protosynthesis|[silent]
|-damage|p1b: Incineroar|60/100|[from] Recoil
|
|-weather|SunnyDay|[upkeep]
|upkeep
|
|t:|1750721701
|switch|p1a: Urshifu|Urshifu-Rapid-Strike, L50, F|100/100
|switch|p2b: Calyrex|Calyrex-Shadow, L50|100/100
|-ability|p2b: Calyrex|As One
|-ability|p2b: Calyrex|Unnerve
|turn|2
|
|t:|1750721723
|move|p2b: Calyrex|Protect|p2b: Calyrex
|-singleturn|p2b: Calyrex|Protect
|move|p1a: Urshifu|Surging Strikes|p2b: Calyrex
|-crit|p2b: Calyrex
|-damage|p2b: Calyrex|88/100
|-crit|p2b: Calyrex
|-damage|p2b: Calyrex|75/100
|-crit|p2b: Calyrex
|-damage|p2b: Calyrex|63/100
|-hitcount|p2b: Calyrex|3
|move|p2a: Koraidon|Scale Shot|p1b: Incineroar
|-damage|p1b: Incineroar|42/100
|-damage|p1b: Incineroar|24/100
|-hitcount|p1b: Incineroar|2
|-unboost|p2a: Koraidon|def|1
|-boost|p2a: Koraidon|spe|1
|-damage|p2a: Koraidon|48/100|[from] item: Life Orb
|move|p1b: Incineroar|Knock Off|p2b: Calyrex
|-activate|p2b: Calyrex|move: Protect
|
|-weather|SunnyDay|[upkeep]
|upkeep
|turn|3
|inactive|Alox01 has 30 seconds left.
|
|t:|1750721749
|move|p2a: Koraidon|Close Combat|p1a: Urshifu
|-damage|p1a: Urshifu|27/100
|-unboost|p2a: Koraidon|def|1
|-unboost|p2a: Koraidon|spd|1
|-damage|p2a: Koraidon|38/100|[from] item: Life Orb
|move|p1a: Urshifu|Surging Strikes|p2a: Koraidon
|-supereffective|p2a: Koraidon
|-crit|p2a: Koraidon
|-damage|p2a: Koraidon|4/100
|-supereffective|p2a: Koraidon
|-crit|p2a: Koraidon
|-damage|p2a: Koraidon|0 fnt
|faint|p2a: Koraidon
|-hitcount|p2: Koraidon|2
|move|p2b: Calyrex|Astral Barrage|p1a: Urshifu|[spread] p1a,p1b
|-supereffective|p1b: Incineroar
|-damage|p1a: Urshifu|0 fnt
|-damage|p1b: Incineroar|0 fnt
|faint|p1a: Urshifu
|faint|p1b: Incineroar
|-ability|p2b: Calyrex|Grim Neigh|boost
|-boost|p2b: Calyrex|spa|2
|
|-weather|SunnyDay|[upkeep]
|upkeep
|
|t:|1750721768
|switch|p2a: Indeedee|Indeedee-F, L50, F|100/100
|switch|p1b: Miraidon|Miraidon, L50|100/100
|-fieldstart|move: Electric Terrain|[from] ability: Hadron Engine|[of] p1b: Miraidon
|-fieldstart|move: Psychic Terrain|[from] ability: Psychic Surge|[of] p2a: Indeedee
|-enditem|p2a: Indeedee|Psychic Seed
|-boost|p2a: Indeedee|spd|1|[from] item: Psychic Seed
|turn|4
|-message|Regulation Eye forfeited.
|
|win|Alox01
|raw|Regulation Eye's rating: 1199 &rarr; <strong>1170</strong><br />(-29 for losing)
|raw|Alox01's rating: 1143 &rarr; <strong>1172</strong><br />(+29 for winning)
|l|‽Regulation Eye
|player|p1|
