|j|☆chumba03
|j|☆EIDIL_YT
|t:|1750742885
|gametype|doubles
|player|p1|chumba03|yellow|1400
|player|p2|EIDIL_YT|hilbert-wonderlauncher|1376
|teamsize|p1|6
|teamsize|p2|6
|gen|9
|tier|[Gen 9] VGC 2025 Reg I
|rated|
|rule|Species Clause: Limit one of each Pokémon
|rule|Item Clause: Limit 1 of each item
|clearpoke
|poke|p1|Kyogre, L50|
|poke|p1|Lunala, L50|
|poke|p1|Incineroar, L50, M|
|poke|p1|Urshifu-*, L50, M|
|poke|p1|Rillaboom, L50, M|
|poke|p1|Amoonguss, L50, F|
|poke|p2|Koraidon, L50|
|poke|p2|Miraidon, L50|
|poke|p2|Iron Hands, L50|
|poke|p2|Whimsicott, L50, M|
|poke|p2|Farigiraf, L50, F|
|poke|p2|Iron Valiant, L50|
|teampreview|4
|inactive|Battle timer is ON: inactive players will automatically lose when time's up. (requested by EIDIL_YT)
|inactive|chumba03 also wants the timer to be on.
|inactive|chumba03 has 60 seconds left.
|inactive|EIDIL_YT has 60 seconds left.
|
|t:|1750742944
|start
|switch|p1a: Lunala|Lunala, L50, shiny|100/100
|switch|p1b: Urshifu|Urshifu-Rapid-Strike, L50, M|100/100
|switch|p2a: Iron Valiant|Iron Valiant, L50|100/100
|switch|p2b: Whimsicott|Whimsicott, L50, M|100/100
|turn|1
|inactive|chumba03 has 30 seconds left.
|
|t:|1750742974
|switch|p1b: Rillaboom|Rillaboom, L50, M|100/100
|-fieldstart|move: Grassy Terrain|[from] ability: Grassy Surge|[of] p1b: Rillaboom
|switch|p2b: Koraidon|Koraidon, L50|100/100
|-weather|SunnyDay|[from] ability: Orichalcum Pulse|[of] p2b: Koraidon
|-activate|p2b: Koraidon|Orichalcum Pulse|[source]
|move|p2a: Iron Valiant|Coaching|p2b: Koraidon
|-boost|p2b: Koraidon|atk|1
|-boost|p2b: Koraidon|def|1
|move|p1a: Lunala|Meteor Beam||[still]
|-prepare|p1a: Lunala|Meteor Beam
|-boost|p1a: Lunala|spa|1
|-enditem|p1a: Lunala|Power Herb
|-anim|p1a: Lunala|Meteor Beam|p2b: Koraidon
|-resisted|p2b: Koraidon
|-damage|p2b: Koraidon|70/100
|
|-weather|SunnyDay|[upkeep]
|-heal|p2b: Koraidon|76/100|[from] Grassy Terrain
|upkeep
|turn|2
|
|t:|1750742994
|-terastallize|p2a: Iron Valiant|Ghost
|move|p2b: Koraidon|Protect|p2b: Koraidon
|-singleturn|p2b: Koraidon|Protect
|move|p1b: Rillaboom|Fake Out|p2b: Koraidon
|-activate|p2b: Koraidon|move: Protect
|move|p2a: Iron Valiant|Coaching|p2b: Koraidon
|-boost|p2b: Koraidon|atk|1
|-boost|p2b: Koraidon|def|1
|move|p1a: Lunala|Trick Room|p1a: Lunala
|-fieldstart|move: Trick Room|[of] p1a: Lunala
|
|-weather|SunnyDay|[upkeep]
|-heal|p2b: Koraidon|82/100|[from] Grassy Terrain
|upkeep
|turn|3
|
|t:|1750743016
|move|p1b: Rillaboom|Wood Hammer|p2b: Koraidon
|-resisted|p2b: Koraidon
|-damage|p2b: Koraidon|67/100
|-damage|p1b: Rillaboom|96/100|[from] Recoil
|move|p1a: Lunala|Moongeist Beam|p2b: Koraidon
|-damage|p2b: Koraidon|0 fnt
|faint|p2b: Koraidon
|move|p2a: Iron Valiant|Icy Wind|p1a: Lunala|[spread] p1a,p1b
|-supereffective|p1b: Rillaboom
|-crit|p1b: Rillaboom
|-damage|p1a: Lunala|96/100
|-damage|p1b: Rillaboom|69/100
|-unboost|p1a: Lunala|spe|1
|-unboost|p1b: Rillaboom|spe|1
|
|-weather|SunnyDay|[upkeep]
|-heal|p1b: Rillaboom|75/100|[from] Grassy Terrain
|-heal|p1a: Lunala|100/100|[from] Grassy Terrain
|upkeep
|-message|EIDIL_YT forfeited.
|
|win|chumba03
|raw|chumba03's rating: 1400 &rarr; <strong>1419</strong><br />(+19 for winning)
|raw|EIDIL_YT's rating: 1376 &rarr; <strong>1357</strong><br />(-19 for losing)
|l|☆EIDIL_YT
|player|p2|
|l|☆chumba03
|player|p1|
