|j|☆boi7264
|j|☆rock103
|t:|1750830703
|gametype|doubles
|player|p1|boi7264|266|1211
|player|p2|rock103|rood|1227
|teamsize|p1|6
|teamsize|p2|6
|gen|9
|tier|[Gen 9] VGC 2025 Reg I
|rated|
|rule|Species Clause: Limit one of each Pokémon
|rule|Item Clause: Limit 1 of each item
|clearpoke
|poke|p1|Zacian-*, L50|
|poke|p1|Grimmsnarl, L50, M|
|poke|p1|Kyogre, L50|
|poke|p1|Ludicolo, L50, M|
|poke|p1|Sneasler, L50, M|
|poke|p1|Incineroar, L50, M|
|poke|p2|Chi-Yu, L50|
|poke|p2|Calyrex-Shadow, L50|
|poke|p2|Zamazenta-*, L50|
|poke|p2|Chien-Pao, L50|
|poke|p2|Amoonguss, L50, F|
|poke|p2|Raging Bolt, L50|
|teampreview|4
|inactive|Battle timer is ON: inactive players will automatically lose when time's up. (requested by rock103)
|
|t:|1750830736
|start
|switch|p1a: Kyogre|Kyogre, L50|100/100
|switch|p1b: Ludicolo|Ludicolo, L50, M|100/100
|switch|p2a: Calyrex|Calyrex-Shadow, L50|100/100
|switch|p2b: Amoonguss|Amoonguss, L50, F|100/100
|-ability|p2a: Calyrex|As One
|-ability|p2a: Calyrex|Unnerve
|-weather|RainDance|[from] ability: Drizzle|[of] p1a: Kyogre
|turn|1
|inactive|boi7264 has 30 seconds left.
|
|t:|1750830771
|move|p2b: Amoonguss|Rage Powder|p2b: Amoonguss
|-singleturn|p2b: Amoonguss|move: Rage Powder
|move|p1b: Ludicolo|Weather Ball|p2a: Calyrex
|-damage|p2a: Calyrex|29/100
|move|p2a: Calyrex|Energy Ball|p1a: Kyogre
|-supereffective|p1a: Kyogre
|-damage|p1a: Kyogre|36/100
|-damage|p2a: Calyrex|19/100|[from] item: Life Orb
|move|p1a: Kyogre|Water Spout|p2b: Amoonguss|[spread] p2a,p2b
|-resisted|p2b: Amoonguss
|-damage|p2a: Calyrex|0 fnt
|-damage|p2b: Amoonguss|90/100
|faint|p2a: Calyrex
|
|-weather|RainDance|[upkeep]
|upkeep
|
|t:|1750830785
|switch|p2a: Raging Bolt|Raging Bolt, L50|100/100
|turn|2
|
|t:|1750830800
|move|p2a: Raging Bolt|Thunderclap|p1a: Kyogre
|-supereffective|p1a: Kyogre
|-damage|p1a: Kyogre|0 fnt
|faint|p1a: Kyogre
|move|p1b: Ludicolo|Ice Beam|p2a: Raging Bolt
|-supereffective|p2a: Raging Bolt
|-damage|p2a: Raging Bolt|58/100
|-status|p2a: Raging Bolt|frz
|move|p2b: Amoonguss|Sludge Bomb|p1b: Ludicolo
|-supereffective|p1b: Ludicolo
|-damage|p1b: Ludicolo|57/100
|
|-weather|RainDance|[upkeep]
|upkeep
|
|t:|1750830806
|switch|p1a: Zacian|Zacian-Crowned, L50|100/100
|-ability|p1a: Zacian|Intrepid Sword|boost
|-boost|p1a: Zacian|atk|1
|turn|3
|inactive|boi7264 has 30 seconds left.
|c|☆rock103|What luck
|inactive|boi7264 has 20 seconds left.
|
|t:|1750830846
|-terastallize|p2a: Raging Bolt|Electric
|move|p1b: Ludicolo|Ice Beam|p2b: Amoonguss
|-supereffective|p2b: Amoonguss
|-damage|p2b: Amoonguss|50/100
|move|p1a: Zacian|Play Rough|p2b: Amoonguss|[miss]
|-miss|p1a: Zacian|p2b: Amoonguss
|cant|p2a: Raging Bolt|frz
|move|p2b: Amoonguss|Sludge Bomb|p1a: Zacian
|-immune|p1a: Zacian
|
|-weather|RainDance|[upkeep]
|upkeep
|turn|4
|-message|rock103 forfeited.
|
|win|boi7264
|raw|boi7264's rating: 1211 &rarr; <strong>1237</strong><br />(+26 for winning)
|raw|rock103's rating: 1227 &rarr; <strong>1201</strong><br />(-26 for losing)
|l|☆rock103
|player|p2|
|l|☆boi7264
|player|p1|
