|j|☆cubeandcroc
|j|☆A Regu1ar Guy
|t:|1750715550
|gametype|doubles
|player|p1|cubeandcroc|102|
|player|p2|A Regu1ar Guy|elesa|
|teamsize|p1|6
|teamsize|p2|6
|gen|9
|tier|[Gen 9] VGC 2025 Reg I
|rated|Tournament battle
|rule|Species Clause: Limit one of each Pokémon
|rule|Item Clause: Limit 1 of each item
|raw|<div class="infobox"><details class="readmore" open><summary><strong>2 custom rules:</strong></summary> Force Open Team Sheets, !Open Team Sheets</details></div>
|clearpoke
|poke|p1|Ho-Oh, L50|
|poke|p1|Rhydon, L50, M|
|poke|p1|Incineroar, L50, F|
|poke|p1|Amoonguss, L50, M|
|poke|p1|Calyrex-Ice, L50|
|poke|p1|Murkrow, L50, M|
|poke|p2|Calyrex-Shadow, L50|
|poke|p2|Zamazenta-*, L50|
|poke|p2|Chien-Pao, L50|
|poke|p2|Rillaboom, L50, F|
|poke|p2|Raging Bolt, L50|
|poke|p2|Ogerpon-Hearthflame, L50, F|
|teampreview|4
|showteam|p1|Ho-Oh||Leftovers|Regenerator|SacredFire,BraveBird,LifeDew,Protect||||||50|,,,,,Grass]Rhydon||Eviolite|LightningRod|RockSlide,StompingTantrum,SwordsDance,Protect|||M|||50|,,,,,Water]Incineroar||SitrusBerry|Intimidate|FakeOut,FlareBlitz,PartingShot,KnockOff|||F|||50|,,,,,Grass]Amoonguss||RockyHelmet|Regenerator|Spore,PollenPuff,RagePowder,Protect|||M|||50|,,,,,Dark]Calyrex-Ice||ClearAmulet|AsOneGlastrier|GlacialLance,SeedBomb,TrickRoom,Protect||||||50|,,,,,Dark]Murkrow||WideLens|Insomnia|FoulPlay,SunnyDay,Screech,PerishSong|||M|||50|,,,,,Dark
|showteam|p2|Calyrex-Shadow||FocusSash|AsOneSpectrier|AstralBarrage,Psychic,Encore,Protect||||||50|,,,,,Ghost]Zamazenta-Crowned||RustedShield|DauntlessShield|BodyPress,HeavySlam,WideGuard,Protect||||||50|,,,,,Dragon]Chien-Pao||LifeOrb|SwordofRuin|IcicleCrash,SuckerPunch,Taunt,Protect||||||50|,,,,,Stellar]Rillaboom||AssaultVest|GrassySurge|WoodHammer,GrassyGlide,Uturn,FakeOut|||F|||50|,,,,,Fire]Raging Bolt||BoosterEnergy|Protosynthesis|Thunderbolt,Thunderclap,DracoMeteor,Protect||||||50|,,,,,Electric]Ogerpon-Hearthflame||HearthflameMask|MoldBreaker|IvyCudgel,GrassyGlide,FollowMe,SpikyShield|||F|||50|,,,,,Fire
|j| ShinjaVGC
|j|@Therazer456
|c|☆A Regu1ar Guy|Woah, unique team
|c|☆cubeandcroc|oh you won a tour earlier today
|c|☆cubeandcroc|gl man
|l| ShinjaVGC
|j|+ToastNoButter
|c|☆A Regu1ar Guy|Should we call you Michael Zheng?
|c|☆cubeandcroc|idk who that is lol
|
|t:|1750715647
|start
|switch|p1a: Wolfe Glick|Incineroar, L50, F|100/100
|switch|p1b: Calyrex|Calyrex-Ice, L50|100/100
|switch|p2a: Zamazenta|Zamazenta-Crowned, L50|100/100
|switch|p2b: Chien-Pao|Chien-Pao, L50|100/100
|-ability|p1b: Calyrex|As One
|-ability|p1b: Calyrex|Unnerve
|-ability|p2b: Chien-Pao|Sword of Ruin
|-ability|p2a: Zamazenta|Dauntless Shield|boost
|-boost|p2a: Zamazenta|def|1
|-ability|p1a: Wolfe Glick|Intimidate|boost
|-unboost|p2a: Zamazenta|atk|1
|-unboost|p2b: Chien-Pao|atk|1
|turn|1
|
|t:|1750715682
|switch|p1a: Murkrow|Murkrow, L50, M|100/100
|switch|p1b: oh it's magic|Ho-Oh, L50|100/100
|move|p2b: Chien-Pao|Taunt|p1b: oh it's magic
|-start|p1b: oh it's magic|move: Taunt
|move|p2a: Zamazenta|Body Press|p1a: Murkrow
|-damage|p1a: Murkrow|0 fnt
|faint|p1a: Murkrow
|
|upkeep
|j| imgoldshark07
|c|☆cubeandcroc|oh
|c|☆cubeandcroc|mabe I should put a sash on him
|j| wining kiddo
|l|+ToastNoButter
|c|☆A Regu1ar Guy|Glhf
|c|☆cubeandcroc|I think we're done bro haha
|
|t:|1750715750
|switch|p1a: Wolfe Glick|Incineroar, L50, F|100/100
|-ability|p1a: Wolfe Glick|Intimidate|boost
|-unboost|p2a: Zamazenta|atk|1
|-unboost|p2b: Chien-Pao|atk|1
|turn|2
|
|t:|1750715765
|move|p1a: Wolfe Glick|Fake Out|p2a: Zamazenta
|-resisted|p2a: Zamazenta
|-damage|p2a: Zamazenta|98/100
|move|p2b: Chien-Pao|Icicle Crash|p1b: oh it's magic|[miss]
|-miss|p2b: Chien-Pao|p1b: oh it's magic
|cant|p2a: Zamazenta|flinch
|move|p1b: oh it's magic|Sacred Fire|p2a: Zamazenta
|-supereffective|p2a: Zamazenta
|-damage|p2a: Zamazenta|34/100
|
|upkeep
|turn|3
|j| FlyingDingo
|
|t:|1750715797
|-terastallize|p1a: Wolfe Glick|Grass
|move|p2b: Chien-Pao|Icicle Crash|p1b: oh it's magic
|-damage|p1b: oh it's magic|70/100
|-damage|p2b: Chien-Pao|91/100|[from] item: Life Orb
|move|p2a: Zamazenta|Body Press|p1a: Wolfe Glick
|-damage|p1a: Wolfe Glick|19/100
|-enditem|p1a: Wolfe Glick|Sitrus Berry|[eat]
|-heal|p1a: Wolfe Glick|44/100|[from] item: Sitrus Berry
|cant|p1b: oh it's magic|flinch
|move|p1a: Wolfe Glick|Flare Blitz|p2b: Chien-Pao
|-supereffective|p2b: Chien-Pao
|-damage|p2b: Chien-Pao|0 fnt
|faint|p2b: Chien-Pao
|-damage|p1a: Wolfe Glick|21/100|[from] Recoil
|
|-heal|p1b: oh it's magic|76/100|[from] item: Leftovers
|-end|p1b: oh it's magic|move: Taunt
|upkeep
|j|+ToastNoButter
|
|t:|1750715805
|switch|p2b: Calyrex|Calyrex-Shadow, L50|100/100
|-ability|p2b: Calyrex|As One
|-ability|p2b: Calyrex|Unnerve
|turn|4
|
|t:|1750715826
|-terastallize|p2b: Calyrex|Ghost
|move|p2b: Calyrex|Astral Barrage|p1a: Wolfe Glick|[spread] p1a,p1b
|-damage|p1a: Wolfe Glick|0 fnt
|-damage|p1b: oh it's magic|29/100
|faint|p1a: Wolfe Glick
|-ability|p2b: Calyrex|Grim Neigh|boost
|-boost|p2b: Calyrex|spa|1
|move|p2a: Zamazenta|Body Press|p1b: oh it's magic
|-resisted|p1b: oh it's magic
|-damage|p1b: oh it's magic|0 fnt
|faint|p1b: oh it's magic
|
|upkeep
|
|t:|1750715836
|switch|p1a: Calyrex|Calyrex-Ice, L50|100/100
|-ability|p1a: Calyrex|As One
|-ability|p1a: Calyrex|Unnerve
|turn|5
|c|☆cubeandcroc|gg
|c|☆A Regu1ar Guy|ggs
|-message|cubeandcroc forfeited.
|
|win|A Regu1ar Guy
|n|☆cubeandcroc|cubeandcroc
|n|☆A Regu1ar Guy|aregu1arguy
|n| Therazer456|therazer456
|n| imgoldshark07|imgoldshark07
|n| wining kiddo|winingkiddo
|n| FlyingDingo|flyingdingo
|n| ToastNoButter|toastnobutter
