|j|☆sdb203
|j|☆sortilum
|t:|1750717347
|gametype|doubles
|player|p1|sdb203|koga|1310
|player|p2|sortilum|170|1218
|teamsize|p1|6
|teamsize|p2|6
|gen|9
|tier|[Gen 9] VGC 2025 Reg I
|rated|
|rule|Species Clause: Limit one of each Pokémon
|rule|Item Clause: Limit 1 of each item
|clearpoke
|poke|p1|Miraidon, L50|
|poke|p1|Zamazenta-*, L50|
|poke|p1|Grimmsnarl, L50, M|
|poke|p1|Chien-Pao, L50|
|poke|p1|Volcarona, L50, M|
|poke|p1|Iron Hands, L50|
|poke|p2|Incineroar, L50, M|
|poke|p2|Gothitelle, L50, M|
|poke|p2|Murkrow, L50, M|
|poke|p2|Groudon, L50|
|poke|p2|Flutter Mane, L50|
|poke|p2|Dugtrio, L50, M|
|teampreview|4
|inactive|Battle timer is ON: inactive players will automatically lose when time's up. (requested by sdb203)
|inactive|sdb203 has 60 seconds left.
|inactive|sortilum has 60 seconds left.
|
|t:|1750717401
|start
|switch|p1a: Miraidon|Miraidon, L50|100/100
|switch|p1b: Zamazenta|Zamazenta-Crowned, L50|100/100
|switch|p2a: Murkrow|Murkrow, L50, M|100/100
|switch|p2b: Dugtrio|Dugtrio, L50, M|100/100
|-fieldstart|move: Electric Terrain|[from] ability: Hadron Engine|[of] p1a: Miraidon
|-ability|p1b: Zamazenta|Dauntless Shield|boost
|-boost|p1b: Zamazenta|def|1
|turn|1
|inactive|sortilum has 30 seconds left.
|inactive|sortilum has 20 seconds left.
|inactive|sortilum has 15 seconds left.
|inactive|sortilum has 10 seconds left.
|inactive|sortilum has 5 seconds left.
|
|t:|1750717456
|move|p2a: Murkrow|Perish Song|p2a: Murkrow
|-start|p1a: Miraidon|perish3|[silent]
|-start|p1b: Zamazenta|perish3|[silent]
|-start|p2a: Murkrow|perish3|[silent]
|-start|p2b: Dugtrio|perish3|[silent]
|-fieldactivate|move: Perish Song
|move|p2b: Dugtrio|Dig||[still]
|-prepare|p2b: Dugtrio|Dig
|move|p1a: Miraidon|Volt Switch|p2a: Murkrow
|-supereffective|p2a: Murkrow
|-damage|p2a: Murkrow|0 fnt
|faint|p2a: Murkrow
|
|t:|1750717465
|switch|p1a: Volcarona|Volcarona, L50, M|100/100|[from] Volt Switch
|move|p1b: Zamazenta|Body Press|p2b: Dugtrio|[miss]
|-miss|p1b: Zamazenta|p2b: Dugtrio
|
|-start|p2b: Dugtrio|perish3
|-start|p1b: Zamazenta|perish3
|upkeep
|-message|sortilum forfeited.
|
|win|sdb203
|raw|sdb203's rating: 1310 &rarr; <strong>1325</strong><br />(+15 for winning)
|raw|sortilum's rating: 1218 &rarr; <strong>1199</strong><br />(-19 for losing)
|l|☆sortilum
|player|p2|
|l|☆sdb203
|player|p1|
