|j|‽mjbucks
|j|☆Wwwxxx
|t:|1750789932
|gametype|doubles
|player|p1|mjbucks|pokemaniac|1388
|player|p2|Wwwxxx|265|1484
|teamsize|p1|6
|teamsize|p2|6
|gen|9
|tier|[Gen 9] VGC 2025 Reg I
|rated|
|rule|Species Clause: Limit one of each Pokémon
|rule|Item Clause: Limit 1 of each item
|clearpoke
|poke|p1|Kyogre, L50|
|poke|p1|Crawdaunt, L50, F|
|poke|p1|Whimsicott, L50, M|
|poke|p1|Zamazenta-*, L50|
|poke|p1|Landorus, L50, M|
|poke|p1|Raging Bolt, L50|
|poke|p2|Oranguru, L50, M|
|poke|p2|Clefairy, L50, F|
|poke|p2|Farigiraf, L50, F|
|poke|p2|Miraidon, L50|
|poke|p2|Groudon, L50|
|poke|p2|Incineroar, L50, F|
|teampreview|4
|inactive|Battle timer is ON: inactive players will automatically lose when time's up. (requested by Wwwxxx)
|inactive|mjbucks also wants the timer to be on.
|
|t:|1750789957
|start
|switch|p1a: Landorus|Landorus, L50, M|100/100
|switch|p1b: Whimsicott|Whimsicott, L50, M|100/100
|switch|p2a: Oranguru|Oranguru, L50, M|100/100
|switch|p2b: Miraidon|Miraidon, L50|100/100
|-fieldstart|move: Electric Terrain|[from] ability: Hadron Engine|[of] p2b: Miraidon
|-enditem|p2b: Miraidon|Electric Seed
|-boost|p2b: Miraidon|def|1|[from] item: Electric Seed
|-activate|p2a: Oranguru|ability: Symbiosis|Covert Cloak|[of] p2b: Miraidon
|turn|1
|inactive|Wwwxxx has 30 seconds left.
|
|t:|1750789985
|-terastallize|p2b: Miraidon|Fairy
|move|p1a: Landorus|Protect|p1a: Landorus
|-singleturn|p1a: Landorus|Protect
|move|p1b: Whimsicott|Tailwind|p1b: Whimsicott
|-sidestart|p1: mjbucks|move: Tailwind
|move|p2b: Miraidon|Calm Mind|p2b: Miraidon
|-boost|p2b: Miraidon|spa|1
|-boost|p2b: Miraidon|spd|1
|move|p2a: Oranguru|Instruct|p2b: Miraidon
|-singleturn|p2b: Miraidon|move: Instruct|[of] p2a: Oranguru
|move|p2b: Miraidon|Calm Mind|p2b: Miraidon
|-boost|p2b: Miraidon|spa|1
|-boost|p2b: Miraidon|spd|1
|
|upkeep
|turn|2
|inactive|mjbucks has 30 seconds left.
|inactive|Wwwxxx has 30 seconds left.
|
|t:|1750790013
|move|p1b: Whimsicott|Encore|p2b: Miraidon
|-start|p2b: Miraidon|Encore
|move|p1a: Landorus|Sandsear Storm|p2a: Oranguru|[spread] p2a,p2b
|-damage|p2a: Oranguru|58/100
|-damage|p2b: Miraidon|74/100
|move|p2b: Miraidon|Calm Mind|p2b: Miraidon
|-boost|p2b: Miraidon|spa|1
|-boost|p2b: Miraidon|spd|1
|move|p2a: Oranguru|Foul Play|p1b: Whimsicott
|-resisted|p1b: Whimsicott
|-damage|p1b: Whimsicott|94/100
|
|upkeep
|turn|3
|
|t:|1750790033
|switch|p2a: Groudon|Groudon, L50|100/100
|-weather|SunnyDay|[from] ability: Drought|[of] p2a: Groudon
|move|p1b: Whimsicott|Taunt|p2b: Miraidon
|-start|p2b: Miraidon|move: Taunt
|move|p1a: Landorus|Sludge Bomb|p2b: Miraidon
|-supereffective|p2b: Miraidon
|-damage|p2b: Miraidon|42/100
|cant|p2b: Miraidon|move: Taunt|Calm Mind
|
|-weather|SunnyDay|[upkeep]
|upkeep
|turn|4
|inactive|Wwwxxx has 30 seconds left.
|
|t:|1750790062
|move|p1b: Whimsicott|Moonblast|p2b: Miraidon
|-damage|p2b: Miraidon|33/100
|move|p1a: Landorus|Sandsear Storm|p2a: Groudon|[spread] p2b
|-miss|p1a: Landorus|p2a: Groudon
|-damage|p2b: Miraidon|12/100
|-activate|p2b: Miraidon|move: Struggle
|move|p2b: Miraidon|Struggle|p1a: Landorus
|-damage|p1a: Landorus|92/100
|-damage|p2b: Miraidon|0 fnt|[from] recoil
|faint|p2b: Miraidon
|move|p2a: Groudon|High Horsepower|p1b: Whimsicott
|-resisted|p1b: Whimsicott
|-damage|p1b: Whimsicott|56/100
|
|-weather|SunnyDay|[upkeep]
|-sideend|p1: mjbucks|move: Tailwind
|upkeep
|-message|Wwwxxx forfeited.
|
|win|mjbucks
|raw|mjbucks's rating: 1388 &rarr; <strong>1413</strong><br />(+25 for winning)
|raw|Wwwxxx's rating: 1484 &rarr; <strong>1459</strong><br />(-25 for losing)
|l|☆Wwwxxx
|player|p2|
