|j|☆masterdr6sh
|j|☆Thallax62
|t:|1750814123
|gametype|doubles
|player|p1|masterdr6sh|ghetsis|1053
|player|p2|Thallax62|depotagent|1082
|teamsize|p1|6
|teamsize|p2|6
|gen|9
|tier|[Gen 9] VGC 2025 Reg I
|rated|
|rule|Species Clause: Limit one of each Pokémon
|rule|Item Clause: Limit 1 of each item
|clearpoke
|poke|p1|Kyogre, L50|
|poke|p1|Barraskewda, L50, M|
|poke|p1|Dipplin, L50, F|
|poke|p1|Toxicroak, L50, M|
|poke|p1|Zacian-*, L50|
|poke|p1|Kingambit, L50, F|
|poke|p2|Eternatus, L50|
|poke|p2|Zamazenta-*, L50|
|poke|p2|Malamar, L50, F|
|poke|p2|Pawmot, L50, F|
|poke|p2|Ogerpon-Wellspring, L50, F|
|poke|p2|Tornadus, L50, M|
|teampreview|4
|
|t:|1750814169
|start
|switch|p1a: Zacian|Zacian-Crowned, L50|100/100
|switch|p1b: Dipplin|Dipplin, L50, F, shiny|100/100
|switch|p2a: Zamazenta|Zamazenta-Crowned, L50, shiny|100/100
|switch|p2b: Pawmot|Pawmot, L50, F, shiny|100/100
|-ability|p1a: Zacian|Intrepid Sword|boost
|-boost|p1a: Zacian|atk|1
|-ability|p2a: Zamazenta|Dauntless Shield|boost
|-boost|p2a: Zamazenta|def|1
|turn|1
|
|t:|1750814213
|switch|p2b: Malamar|Malamar, L50, F, shiny|100/100
|move|p1a: Zacian|Sacred Sword|p2a: Zamazenta
|-supereffective|p2a: Zamazenta
|-damage|p2a: Zamazenta|36/100
|move|p2a: Zamazenta|Trailblaze|p1a: Zacian
|-resisted|p1a: Zacian
|-damage|p1a: Zacian|95/100
|-boost|p2a: Zamazenta|spe|1
|move|p1b: Dipplin|Giga Drain|p2b: Malamar
|-damage|p2b: Malamar|69/100
|
|upkeep
|turn|2
|-message|Thallax62 forfeited.
|
|win|masterdr6sh
|raw|masterdr6sh's rating: 1053 &rarr; <strong>1088</strong><br />(+35 for winning)
|raw|Thallax62's rating: 1082 &rarr; <strong>1058</strong><br />(-24 for losing)
|l|☆Thallax62
|player|p2|
|l|☆masterdr6sh
|player|p1|
