|j|☆Lavanda.17
|j|☆rainha456
|t:|1750855747
|gametype|doubles
|player|p1|Lavanda.17|kimonogirl|1491
|player|p2|rainha456|265|1503
|teamsize|p1|6
|teamsize|p2|6
|gen|9
|tier|[Gen 9] VGC 2025 Reg I
|rated|
|rule|Species Clause: Limit one of each Pokémon
|rule|Item Clause: Limit 1 of each item
|clearpoke
|poke|p1|Miraidon, L50|
|poke|p1|Zamazenta-*, L50|
|poke|p1|Chien-Pao, L50|
|poke|p1|Volcarona, L50, M|
|poke|p1|Rillaboom, L50, M|
|poke|p1|Grimmsnarl, L50, M|
|poke|p2|Indeedee-F, L50, F|
|poke|p2|Calyrex-Shadow, L50|
|poke|p2|Zacian-*, L50|
|poke|p2|Murkrow, L50, M|
|poke|p2|Mienshao, L50, F|
|poke|p2|Raging Bolt, L50|
|teampreview|4
|
|t:|1750855788
|start
|switch|p1a: Miraidon|Miraidon, L50|100/100
|switch|p1b: Grimmsnarl|Grimmsnarl, L50, M|100/100
|switch|p2a: Calyrex|Calyrex-Shadow, L50|100/100
|switch|p2b: Mienshao|Mienshao, L50, F|100/100
|-ability|p2a: Calyrex|As One
|-ability|p2a: Calyrex|Unnerve
|-fieldstart|move: Electric Terrain|[from] ability: Hadron Engine|[of] p1a: Miraidon
|turn|1
|inactive|Battle timer is ON: inactive players will automatically lose when time's up. (requested by Lavanda.17)
|
|t:|1750855809
|-terastallize|p2a: Calyrex|Ghost
|move|p2b: Mienshao|Fake Out|p1a: Miraidon
|-damage|p1a: Miraidon|89/100
|move|p1b: Grimmsnarl|Light Screen|p1b: Grimmsnarl
|-sidestart|p1: Lavanda.17|move: Light Screen
|move|p2a: Calyrex|Astral Barrage|p1a: Miraidon|[spread] p1a,p1b
|-resisted|p1b: Grimmsnarl
|-damage|p1a: Miraidon|34/100
|-damage|p1b: Grimmsnarl|72/100
|cant|p1a: Miraidon|flinch
|
|upkeep
|turn|2
|
|t:|1750855822
|switch|p2b: Indeedee|Indeedee-F, L50, F|100/100
|-fieldstart|move: Psychic Terrain|[from] ability: Psychic Surge|[of] p2b: Indeedee
|move|p1b: Grimmsnarl|Thunder Wave|p2a: Calyrex
|-activate|p2a: Calyrex|move: Psychic Terrain
|move|p2a: Calyrex|Astral Barrage|p1a: Miraidon|[spread] p1a,p1b
|-resisted|p1b: Grimmsnarl
|-damage|p1a: Miraidon|0 fnt
|-damage|p1b: Grimmsnarl|42/100
|faint|p1a: Miraidon
|-ability|p2a: Calyrex|Grim Neigh|boost
|-boost|p2a: Calyrex|spa|1
|
|upkeep
|-message|Lavanda.17 forfeited.
|
|win|rainha456
|raw|Lavanda.17's rating: 1491 &rarr; <strong>1472</strong><br />(-19 for losing)
|raw|rainha456's rating: 1503 &rarr; <strong>1522</strong><br />(+19 for winning)
|l|☆Lavanda.17
|player|p1|
|l|☆rainha456
|player|p2|
