|j|☆Player3525
|j|☆SlamTTHM
|t:|1750809265
|gametype|doubles
|player|p1|Player3525|169|1235
|player|p2|SlamTTHM|265|1192
|teamsize|p1|6
|teamsize|p2|6
|gen|9
|tier|[Gen 9] VGC 2025 Reg I
|rated|
|rule|Species Clause: Limit one of each Pokémon
|rule|Item Clause: Limit 1 of each item
|clearpoke
|poke|p1|Annihilape, L50, F|
|poke|p1|Dusclops, L50, M|
|poke|p1|Weezing-Galar, L50, M|
|poke|p1|Calyrex-Ice, L50|
|poke|p1|Necrozma-Dawn-Wings, L50|
|poke|p1|Torkoal, L50, M|
|poke|p2|Calyrex-Ice, L50|
|poke|p2|Necrozma-Dawn-Wings, L50|
|poke|p2|Brute Bonnet, L50|
|poke|p2|Alcremie, L50, F|
|poke|p2|Araquanid, L50, F|
|poke|p2|Indeedee-F, L50, F|
|teampreview|4
|inactive|Battle timer is ON: inactive players will automatically lose when time's up. (requested by Player3525)
Player3525 has agreed to open team sheets.
SlamTTHM has agreed to open team sheets.
|showteam|p1|Annihilape||ChoiceScarf|Defiant|FinalGambit,CloseCombat,StoneEdge,RageFist|||F|||50|,,,,,Normal]Dusclops||Eviolite|Frisk|TrickRoom,HelpingHand,Memento,NightShade|||M|||50|,,,,,Dark]Weezing-Galar||LifeOrb|MistySurge|Explosion,Protect,DarkPulse,DazzlingGleam|||M|||50|,,,,,Normal]Calyrex-Ice||SitrusBerry|AsOneGlastrier|GlacialLance,Protect,CloseCombat,SolarBlade||||||50|,,,,,Ice]Necrozma-Dawn-Wings||AssaultVest|PrismArmor|DarkPulse,PhotonGeyser,PowerGem,HeatWave||||||50|,,,,,Dark]Torkoal||ChoiceSpecs|Drought|Overheat,Eruption,EarthPower,SolarBeam|||M|||50|,,,,,Fire
|showteam|p2|Calyrex-Ice||WeaknessPolicy|AsOneGlastrier|TrickRoom,Protect,HighHorsepower,GlacialLance||||||50|,,,,,Fire]Necrozma-Dawn-Wings||LifeOrb|PrismArmor|TrickRoom,MoongeistBeam,ExpandingForce,Protect||||||50|,,,,,Dark]Brute Bonnet||RoomService|Protosynthesis|Spore,RagePowder,CloseCombat,SeedBomb||||||50|,,,,,Fighting]Alcremie||CovertCloak|AromaVeil|Decorate,HelpingHand,DazzlingGleam,PainSplit|||F|||50|,,,,,Dark]Araquanid||ClearAmulet|WaterBubble|Liquidation,WideGuard,LeechLife,Protect|||F|||50|,,,,,Water]Indeedee-F||MentalHerb|PsychicSurge|FollowMe,HelpingHand,TrickRoom,DazzlingGleam|||F|||50|,,,,,Psychic
|inactive|SlamTTHM has 60 seconds left.
|inactive|SlamTTHM has 30 seconds left.
|inactive|SlamTTHM has 20 seconds left.
|inactive|SlamTTHM has 15 seconds left.
|inactive|SlamTTHM has 10 seconds left.
|
|t:|1750809347
|start
|switch|p1a: Annihilape|Annihilape, L50, F|100/100
|switch|p1b: Dusclops|Dusclops, L50, M|100/100
|switch|p2a: Indeedee|Indeedee-F, L50, F|100/100
|switch|p2b: Necrozma|Necrozma-Dawn-Wings, L50|100/100
|-fieldstart|move: Psychic Terrain|[from] ability: Psychic Surge|[of] p2a: Indeedee
|-item|p2a: Indeedee|Mental Herb|[from] ability: Frisk|[of] p1b: Dusclops
|-item|p2b: Necrozma|Life Orb|[from] ability: Frisk|[of] p1b: Dusclops
|turn|1
|inactive|SlamTTHM has 30 seconds left.
|
|t:|1750809377
|move|p2b: Necrozma|Protect|p2b: Necrozma
|-singleturn|p2b: Necrozma|Protect
|move|p2a: Indeedee|Follow Me|p2a: Indeedee
|-singleturn|p2a: Indeedee|move: Follow Me
|move|p1a: Annihilape|Final Gambit|p2a: Indeedee
|-damage|p2a: Indeedee|0 fnt
|faint|p1a: Annihilape
|faint|p2a: Indeedee
|move|p1b: Dusclops|Trick Room|p1b: Dusclops
|-fieldstart|move: Trick Room|[of] p1b: Dusclops
|
|upkeep
|
|t:|1750809399
|switch|p2a: Araquanid|Araquanid, L50, F|100/100
|switch|p1a: Torkoal|Torkoal, L50, M|100/100
|-weather|SunnyDay|[from] ability: Drought|[of] p1a: Torkoal
|turn|2
|inactive|SlamTTHM has 30 seconds left.
|
|t:|1750809425
|-terastallize|p1a: Torkoal|Fire
|-terastallize|p2b: Necrozma|Dark
|move|p1b: Dusclops|Helping Hand|p1a: Torkoal
|-singleturn|p1a: Torkoal|Helping Hand|[of] p1b: Dusclops
|move|p2a: Araquanid|Wide Guard|p2a: Araquanid
|-singleturn|p2a: Araquanid|Wide Guard
|move|p1a: Torkoal|Eruption|p2b: Necrozma|[spread] 
|-activate|p2a: Araquanid|move: Wide Guard
|-activate|p2b: Necrozma|move: Wide Guard
|move|p2b: Necrozma|Expanding Force|p1a: Torkoal|[spread] p1a,p1b
|-damage|p1a: Torkoal|0 fnt
|-damage|p1b: Dusclops|49/100
|faint|p1a: Torkoal
|-damage|p2b: Necrozma|91/100|[from] item: Life Orb
|
|-weather|SunnyDay|[upkeep]
|upkeep
|
|t:|1750809432
|switch|p1a: Calyrex|Calyrex-Ice, L50|100/100
|-ability|p1a: Calyrex|As One
|-ability|p1a: Calyrex|Unnerve
|turn|3
|
|t:|1750809453
|move|p2a: Araquanid|Wide Guard|p2a: Araquanid
|-singleturn|p2a: Araquanid|Wide Guard
|move|p1b: Dusclops|Memento|p2a: Araquanid
|-fail|p2a: Araquanid|unboost|[from] item: Clear Amulet|[of] p2a: Araquanid
|faint|p1b: Dusclops
|move|p1a: Calyrex|Close Combat|p2b: Necrozma
|-supereffective|p2b: Necrozma
|-damage|p2b: Necrozma|6/100
|-unboost|p1a: Calyrex|def|1
|-unboost|p1a: Calyrex|spd|1
|move|p2b: Necrozma|Moongeist Beam|p1a: Calyrex
|-supereffective|p1a: Calyrex
|-damage|p1a: Calyrex|0 fnt
|faint|p1a: Calyrex
|-damage|p2b: Necrozma|0 fnt|[from] item: Life Orb
|faint|p2b: Necrozma
|
|win|SlamTTHM
|raw|Player3525's rating: 1235 &rarr; <strong>1207</strong><br />(-28 for losing)
|raw|SlamTTHM's rating: 1192 &rarr; <strong>1220</strong><br />(+28 for winning)
|l|☆Player3525
|player|p1|
