|j|☆TheHillMann
|j|☆anubisjr
|t:|1750798333
|gametype|doubles
|player|p1|TheHillMann|rood|1712
|player|p2|anubisjr|265|1647
|teamsize|p1|6
|teamsize|p2|6
|gen|9
|tier|[Gen 9] VGC 2025 Reg I
|rated|
|rule|Species Clause: Limit one of each Pokémon
|rule|Item Clause: Limit 1 of each item
|clearpoke
|poke|p1|Groudon, L50|
|poke|p1|Calyrex-Ice, L50|
|poke|p1|Jumpluff, L50, F|
|poke|p1|Raging Bolt, L50|
|poke|p1|Chi-Yu, L50|
|poke|p1|Raichu, L50, F|
|poke|p2|Calyrex-Shadow, L50|
|poke|p2|Miraidon, L50|
|poke|p2|Whimsicott, L50, F|
|poke|p2|Iron Treads, L50|
|poke|p2|Urshifu-*, L50, M|
|poke|p2|Iron Hands, L50|
|teampreview|4
|inactive|Battle timer is ON: inactive players will automatically lose when time's up. (requested by TheHillMann)
|
|t:|1750798357
|start
|switch|p1a: Calyrex|Calyrex-Ice, L50|100/100
|switch|p1b: Raichu|Raichu, L50, F|100/100
|switch|p2a: Calyrex|Calyrex-Shadow, L50|100/100
|switch|p2b: Whimsicott|Whimsicott, L50, F|100/100
|-ability|p2a: Calyrex|As One
|-ability|p2a: Calyrex|Unnerve
|-ability|p1a: Calyrex|As One
|-ability|p1a: Calyrex|Unnerve
|turn|1
|
|t:|1750798376
|-terastallize|p1a: Calyrex|Fairy
|move|p1b: Raichu|Fake Out|p2b: Whimsicott
|-damage|p2b: Whimsicott|92/100
|move|p2b: Whimsicott|Taunt|p1a: Calyrex
|-start|p1a: Calyrex|move: Taunt
|move|p2a: Calyrex|Astral Barrage|p1a: Calyrex|[spread] p1a,p1b
|-damage|p1a: Calyrex|51/100
|-enditem|p1b: Raichu|Focus Sash
|-damage|p1b: Raichu|1/100
|-damage|p2a: Calyrex|91/100|[from] item: Life Orb
|cant|p1a: Calyrex|move: Taunt|Trick Room
|
|upkeep
|turn|2
|
|t:|1750798388
|move|p2a: Calyrex|Astral Barrage|p1b: Raichu|[spread] p1a,p1b
|-damage|p1a: Calyrex|0 fnt
|-damage|p1b: Raichu|0 fnt
|faint|p1a: Calyrex
|faint|p1b: Raichu
|-ability|p2a: Calyrex|Grim Neigh|boost
|-boost|p2a: Calyrex|spa|2
|-damage|p2a: Calyrex|81/100|[from] item: Life Orb
|move|p2b: Whimsicott|Moonblast|p1: Calyrex|[notarget]
|-fail|p2b: Whimsicott
|
|upkeep
|-message|TheHillMann forfeited.
|
|win|anubisjr
|raw|TheHillMann's rating: 1712 &rarr; <strong>1688</strong><br />(-24 for losing)
|raw|anubisjr's rating: 1647 &rarr; <strong>1671</strong><br />(+24 for winning)
|l|☆TheHillMann
|player|p1|
|l|☆anubisjr
|player|p2|
