|j|☆TCBro89
|j|☆TheHillMann
|t:|1750768636
|gametype|doubles
|player|p1|TCBro89|red|1635
|player|p2|TheHillMann|170|1625
|teamsize|p1|6
|teamsize|p2|6
|gen|9
|tier|[Gen 9] VGC 2025 Reg I
|rated|
|rule|Species Clause: Limit one of each Pokémon
|rule|Item Clause: Limit 1 of each item
|clearpoke
|poke|p1|Miraidon, L50|
|poke|p1|Iron Bundle, L50|
|poke|p1|Groudon, L50|
|poke|p1|Whimsicott, L50, F|
|poke|p1|Raging Bolt, L50|
|poke|p1|Farigiraf, L50, M|
|poke|p2|Groudon, L50|
|poke|p2|Calyrex-Ice, L50|
|poke|p2|Jumpluff, L50, F|
|poke|p2|Raging Bolt, L50|
|poke|p2|Chi-Yu, L50|
|poke|p2|Raichu, L50, F|
|teampreview|4
|inactive|Battle timer is ON: inactive players will automatically lose when time's up. (requested by TheHillMann)
|j| thejigglypuff03
|inactive|TCBro89 has 60 seconds left.
|l| thejigglypuff03
|
|t:|1750768682
|start
|switch|p1a: Miraidon|Miraidon, L50|100/100
|switch|p1b: Raging Bolt|Raging Bolt, L50|100/100
|switch|p2a: Calyrex|Calyrex-Ice, L50|100/100
|switch|p2b: Raichu|Raichu, L50, F|100/100
|-ability|p2a: Calyrex|As One
|-ability|p2a: Calyrex|Unnerve
|-fieldstart|move: Electric Terrain|[from] ability: Hadron Engine|[of] p1a: Miraidon
|turn|1
|inactive|TCBro89 has 30 seconds left.
|inactive|TheHillMann has 30 seconds left.
|
|t:|1750768715
|-terastallize|p2a: Calyrex|Fairy
|move|p2b: Raichu|Fake Out|p1b: Raging Bolt
|-damage|p1b: Raging Bolt|94/100
|move|p1a: Miraidon|Draco Meteor|p2b: Raichu
|-enditem|p2b: Raichu|Focus Sash
|-damage|p2b: Raichu|1/100
|-unboost|p1a: Miraidon|spa|2
|cant|p1b: Raging Bolt|flinch
|move|p2a: Calyrex|Trick Room|p2a: Calyrex
|-fieldstart|move: Trick Room|[of] p2a: Calyrex
|
|upkeep
|turn|2
|
|t:|1750768732
|switch|p2b: Groudon|Groudon, L50|100/100
|-weather|SunnyDay|[from] ability: Drought|[of] p2b: Groudon
|-activate|p1b: Raging Bolt|ability: Protosynthesis
|-start|p1b: Raging Bolt|protosynthesisspa
|switch|p1a: Farigiraf|Farigiraf, L50, M|100/100
|-enditem|p1a: Farigiraf|Room Service
|-unboost|p1a: Farigiraf|spe|1|[from] item: Room Service
|move|p1b: Raging Bolt|Protect|p1b: Raging Bolt
|-singleturn|p1b: Raging Bolt|Protect
|move|p2a: Calyrex|Glacial Lance|p1b: Raging Bolt|[spread] p1a
|-activate|p1b: Raging Bolt|move: Protect
|-crit|p1a: Farigiraf
|-damage|p1a: Farigiraf|51/100
|
|-weather|SunnyDay|[upkeep]
|upkeep
|turn|3
|
|t:|1750768752
|-terastallize|p1b: Raging Bolt|Electric
|move|p1a: Farigiraf|Foul Play|p2b: Groudon
|-damage|p2b: Groudon|69/100
|move|p1b: Raging Bolt|Rising Voltage|p2a: Calyrex
|-hint|Rising Voltage's BP doubled on grounded target.
|-damage|p2a: Calyrex|0 fnt
|faint|p2a: Calyrex
|move|p2b: Groudon|Precipice Blades|p1b: Raging Bolt|[spread] 
|-miss|p2b: Groudon|p1a: Farigiraf
|-miss|p2b: Groudon|p1b: Raging Bolt
|
|-weather|SunnyDay|[upkeep]
|upkeep
|
|t:|1750768770
|switch|p2a: Raichu|Raichu, L50, F|1/100
|turn|4
|
|t:|1750768779
|move|p1a: Farigiraf|Foul Play|p2a: Raichu
|-damage|p2a: Raichu|0 fnt
|faint|p2a: Raichu
|move|p1b: Raging Bolt|Draco Meteor|p2b: Groudon
|-damage|p2b: Groudon|12/100
|-unboost|p1b: Raging Bolt|spa|2
|move|p2b: Groudon|Precipice Blades|p1b: Raging Bolt|[spread] p1b
|-miss|p2b: Groudon|p1a: Farigiraf
|-supereffective|p1b: Raging Bolt
|-damage|p1b: Raging Bolt|7/100
|
|-weather|SunnyDay|[upkeep]
|upkeep
|-message|TheHillMann forfeited.
|
|win|TCBro89
|raw|TCBro89's rating: 1635 &rarr; <strong>1654</strong><br />(+19 for winning)
|raw|TheHillMann's rating: 1625 &rarr; <strong>1606</strong><br />(-19 for losing)
|l|☆TheHillMann
|player|p2|
|l|☆TCBro89
|player|p1|
