|j|☆yanxi0421
|j|☆Ponytuils
|t:|1750777315
|gametype|doubles
|player|p1|yanxi0421|169|1333
|player|p2|Ponytuils|1|1311
|teamsize|p1|6
|teamsize|p2|6
|gen|9
|tier|[Gen 9] VGC 2025 Reg I
|rated|
|rule|Species Clause: Limit one of each Pokémon
|rule|Item Clause: Limit 1 of each item
|clearpoke
|poke|p1|Typhlosion-Hisui, L50, F|
|poke|p1|Lunala, L50|
|poke|p1|Groudon, L50|
|poke|p1|Ogerpon-Hearthflame, L50, F|
|poke|p1|Rillaboom, L50, M|
|poke|p1|Farigiraf, L50, F|
|poke|p2|Miraidon, L50|
|poke|p2|Calyrex-Ice, L50|
|poke|p2|Farigiraf, L50, M|
|poke|p2|Incineroar, L50, F|
|poke|p2|Urshifu-*, L50, F|
|poke|p2|Landorus, L50, M|
|teampreview|4
yanxi0421 rejected open team sheets.
|inactive|Battle timer is ON: inactive players will automatically lose when time's up. (requested by yanxi0421)
|
|t:|1750777339
|start
|switch|p1a: Groudon|Groudon, L50|100/100
|switch|p1b: Typhlosion|Typhlosion-Hisui, L50, F|100/100
|switch|p2a: Miraidon|Miraidon, L50|100/100
|switch|p2b: Farigiraf|Farigiraf, L50, M, shiny|100/100
|-item|p2a: Miraidon|Choice Specs|[from] ability: Frisk|[of] p1b: Typhlosion
|-item|p2b: Farigiraf|Electric Seed|[from] ability: Frisk|[of] p1b: Typhlosion
|-fieldstart|move: Electric Terrain|[from] ability: Hadron Engine|[of] p2a: Miraidon
|-enditem|p2b: Farigiraf|Electric Seed
|-boost|p2b: Farigiraf|def|1|[from] item: Electric Seed
|-weather|SunnyDay|[from] ability: Drought|[of] p1a: Groudon
|turn|1
|inactive|yanxi0421 has 30 seconds left.
|
|t:|1750777367
|-terastallize|p1b: Typhlosion|Fire
|move|p1b: Typhlosion|Eruption|p2a: Miraidon|[spread] p2a,p2b
|-resisted|p2a: Miraidon
|-damage|p2a: Miraidon|52/100
|-damage|p2b: Farigiraf|29/100
|move|p2a: Miraidon|Draco Meteor|p1a: Groudon
|-damage|p1a: Groudon|0 fnt
|-unboost|p2a: Miraidon|spa|2
|faint|p1a: Groudon
|move|p2b: Farigiraf|Trick Room|p2b: Farigiraf
|-fieldstart|move: Trick Room|[of] p2b: Farigiraf
|
|-weather|SunnyDay|[upkeep]
|upkeep
|
|t:|1750777383
|switch|p1a: Lunala|Lunala, L50|100/100
|turn|2
|
|t:|1750777390
|switch|p1b: Rillaboom|Rillaboom, L50, M|100/100
|move|p2b: Farigiraf|Foul Play|p1a: Lunala
|-supereffective|p1a: Lunala
|-damage|p1a: Lunala|71/100
|move|p1a: Lunala|Meteor Beam||[still]
|-prepare|p1a: Lunala|Meteor Beam
|-boost|p1a: Lunala|spa|1
|-enditem|p1a: Lunala|Power Herb
|-anim|p1a: Lunala|Meteor Beam|p2a: Miraidon
|-damage|p2a: Miraidon|0 fnt
|faint|p2a: Miraidon
|
|-weather|SunnyDay|[upkeep]
|upkeep
|
|t:|1750777399
|switch|p2a: Calyrex|Calyrex-Ice, L50|100/100
|-ability|p2a: Calyrex|As One
|-ability|p2a: Calyrex|Unnerve
|turn|3
|inactive|yanxi0421 has 30 seconds left.
|
|t:|1750777429
|switch|p1b: Typhlosion|Typhlosion-Hisui, L50, F, tera:Fire|100/100
|-item|p2a: Calyrex|Clear Amulet|[from] ability: Frisk|[of] p1b: Typhlosion
|-terastallize|p2a: Calyrex|Fire
|move|p2b: Farigiraf|Foul Play|p1a: Lunala
|-supereffective|p1a: Lunala
|-damage|p1a: Lunala|16/100
|move|p2a: Calyrex|Glacial Lance|p1a: Lunala|[spread] p1a,p1b
|-resisted|p1b: Typhlosion
|-damage|p1a: Lunala|0 fnt
|-damage|p1b: Typhlosion|54/100
|faint|p1a: Lunala
|-ability|p2a: Calyrex|Chilling Neigh|boost
|-boost|p2a: Calyrex|atk|1
|
|-weather|SunnyDay|[upkeep]
|upkeep
|-message|yanxi0421 forfeited.
|
|win|Ponytuils
|raw|yanxi0421's rating: 1333 &rarr; <strong>1312</strong><br />(-21 for losing)
|raw|Ponytuils's rating: 1311 &rarr; <strong>1332</strong><br />(+21 for winning)
|l|☆yanxi0421
|player|p1|
|l|☆Ponytuils
|player|p2|
