|j|☆kittypilled
|j|☆Backalaking
|t:|1750824824
|gametype|doubles
|player|p1|kittypilled|emmet|1135
|player|p2|Backalaking|101|1102
|teamsize|p1|6
|teamsize|p2|6
|gen|9
|tier|[Gen 9] VGC 2025 Reg I
|rated|
|rule|Species Clause: Limit one of each Pokémon
|rule|Item Clause: Limit 1 of each item
|clearpoke
|poke|p1|Amoonguss, L50, F|
|poke|p1|Calyrex-Ice, L50|
|poke|p1|Kyogre, L50|
|poke|p1|Grimmsnarl, L50, M|
|poke|p1|Flutter Mane, L50|
|poke|p1|Basculegion, L50, M|
|poke|p2|Ho-Oh, L50|
|poke|p2|Hydrapple, L50, F|
|poke|p2|Palkia-Origin, L50|
|poke|p2|Iron Hands, L50|
|poke|p2|Ninetales-Alola, L50, F|
|poke|p2|Landorus-Therian, L50, M|
|teampreview|4
|inactive|Battle timer is ON: inactive players will automatically lose when time's up. (requested by kittypilled)
|inactive|kittypilled has 60 seconds left.
|
|t:|1750824877
|start
|switch|p1a: Amoonguss|Amoonguss, L50, F|100/100
|switch|p1b: Calyrex|Calyrex-Ice, L50|100/100
|switch|p2a: Ho-Oh|Ho-Oh, L50|100/100
|switch|p2b: Hydrapple|Hydrapple, L50, F|100/100
|-ability|p1b: Calyrex|As One
|-ability|p1b: Calyrex|Unnerve
|turn|1
|inactive|Backalaking has 30 seconds left.
|
|t:|1750824910
|move|p1a: Amoonguss|Rage Powder|p1a: Amoonguss
|-singleturn|p1a: Amoonguss|move: Rage Powder
|move|p2a: Ho-Oh|Sacred Fire|p1a: Amoonguss
|-supereffective|p1a: Amoonguss
|-damage|p1a: Amoonguss|0 fnt
|faint|p1a: Amoonguss
|move|p2b: Hydrapple|Fickle Beam|p1b: Calyrex
|-damage|p1b: Calyrex|77/100
|move|p1b: Calyrex|Trick Room|p1b: Calyrex
|-fieldstart|move: Trick Room|[of] p1b: Calyrex
|
|-heal|p1b: Calyrex|83/100|[from] item: Leftovers
|upkeep
|
|t:|1750824926
|switch|p1a: Kyogre|Kyogre, L50|100/100
|-weather|RainDance|[from] ability: Drizzle|[of] p1a: Kyogre
|turn|2
|
|t:|1750824932
|switch|p2a: Ninetales|Ninetales-Alola, L50, F|100/100
|-weather|Snowscape|[from] ability: Snow Warning|[of] p2a: Ninetales
|move|p1b: Calyrex|Glacial Lance|p2a: Ninetales|[spread] p2a,p2b
|-resisted|p2a: Ninetales
|-supereffective|p2b: Hydrapple
|-damage|p2a: Ninetales|80/100
|-damage|p2b: Hydrapple|0 fnt
|faint|p2b: Hydrapple
|-ability|p1b: Calyrex|Chilling Neigh|boost
|-boost|p1b: Calyrex|atk|1
|move|p1a: Kyogre|Water Spout|p2a: Ninetales
|-damage|p2a: Ninetales|0 fnt
|faint|p2a: Ninetales
|
|-weather|Snowscape|[upkeep]
|-heal|p1b: Calyrex|89/100|[from] item: Leftovers
|upkeep
|
|t:|1750824949
|switch|p2b: Palkia|Palkia-Origin, L50|100/100
|switch|p2a: Ho-Oh|Ho-Oh, L50|100/100
|-ability|p2b: Palkia|Pressure
|turn|3
|-message|Backalaking forfeited.
|
|win|kittypilled
|raw|kittypilled's rating: 1135 &rarr; <strong>1158</strong><br />(+23 for winning)
|raw|Backalaking's rating: 1102 &rarr; <strong>1079</strong><br />(-23 for losing)
|l|☆Backalaking
|player|p2|
|c|☆kittypilled|ez
