|j|☆Lei43
|j|☆DualistX
|t:|1750784194
|gametype|doubles
|player|p1|Lei43|unknown|1562
|player|p2|DualistX|palmer|1604
|teamsize|p1|6
|teamsize|p2|6
|gen|9
|tier|[Gen 9] VGC 2025 Reg I
|rated|
|rule|Species Clause: Limit one of each Pokémon
|rule|Item Clause: Limit 1 of each item
|clearpoke
|poke|p1|Calyrex-Shadow, L50|
|poke|p1|Smeargle, L50, F|
|poke|p1|Kyogre, L50|
|poke|p1|Urshifu-*, L50, F|
|poke|p1|Indeedee-F, L50, F|
|poke|p1|Iron Jugulis, L50|
|poke|p2|Calyrex-Shadow, L50|
|poke|p2|Groudon, L50|
|poke|p2|Grimmsnarl, L50, M|
|poke|p2|Smeargle, L50, M|
|poke|p2|Raging Bolt, L50|
|poke|p2|Incineroar, L50, M|
|teampreview|4
DualistX has agreed to open team sheets.
|
|t:|1750784228
|start
|switch|p1a: Calyrex|Calyrex-Shadow, L50|100/100
|switch|p1b: Urshifu|Urshifu-Rapid-Strike, L50, F|100/100
|switch|p2a: Groudon|Groudon, L50|100/100
|switch|p2b: Grimmsnarl|Grimmsnarl, L50, M|100/100
|-ability|p1a: Calyrex|As One
|-ability|p1a: Calyrex|Unnerve
|-weather|SunnyDay|[from] ability: Drought|[of] p2a: Groudon
|turn|1
|
|t:|1750784282
|-terastallize|p1a: Calyrex|Ghost
|-terastallize|p2a: Groudon|Water
|move|p2b: Grimmsnarl|Light Screen|p2b: Grimmsnarl
|-sidestart|p2: DualistX|move: Light Screen
|move|p1b: Urshifu|U-turn|p2b: Grimmsnarl
|-damage|p2b: Grimmsnarl|76/100
|
|t:|1750784293
|switch|p1b: Indeedee|Indeedee-F, L50, F|100/100|[from] U-turn
|-fieldstart|move: Psychic Terrain|[from] ability: Psychic Surge|[of] p1b: Indeedee
|move|p1a: Calyrex|Astral Barrage|p2b: Grimmsnarl|[spread] p2a,p2b
|-crit|p2a: Groudon
|-resisted|p2b: Grimmsnarl
|-damage|p2a: Groudon|13/100
|-damage|p2b: Grimmsnarl|37/100
|move|p2a: Groudon|Precipice Blades|p1b: Indeedee|[spread] p1a,p1b
|-damage|p1a: Calyrex|42/100
|-damage|p1b: Indeedee|52/100
|
|-weather|SunnyDay|[upkeep]
|upkeep
|turn|2
|
|t:|1750784317
|move|p1b: Indeedee|Helping Hand|p1a: Calyrex
|-singleturn|p1a: Calyrex|Helping Hand|[of] p1b: Indeedee
|move|p1a: Calyrex|Astral Barrage|p2a: Groudon|[spread] p2a,p2b
|-resisted|p2b: Grimmsnarl
|-damage|p2a: Groudon|0 fnt
|-damage|p2b: Grimmsnarl|0 fnt
|faint|p2a: Groudon
|faint|p2b: Grimmsnarl
|-ability|p1a: Calyrex|Grim Neigh|boost
|-boost|p1a: Calyrex|spa|2
|
|-weather|SunnyDay|[upkeep]
|upkeep
|
|t:|1750784324
|switch|p2a: Calyrex|Calyrex-Shadow, L50|100/100
|switch|p2b: Raging Bolt|Raging Bolt, L50|100/100
|-ability|p2a: Calyrex|As One
|-ability|p2a: Calyrex|Unnerve
|-activate|p2b: Raging Bolt|ability: Protosynthesis
|-start|p2b: Raging Bolt|protosynthesisspa
|turn|3
|
|t:|1750784368
|move|p1b: Indeedee|Helping Hand|p1a: Calyrex
|-singleturn|p1a: Calyrex|Helping Hand|[of] p1b: Indeedee
|move|p1a: Calyrex|Astral Barrage|p2b: Raging Bolt|[spread] p2a,p2b
|-supereffective|p2a: Calyrex
|-damage|p2a: Calyrex|0 fnt
|-damage|p2b: Raging Bolt|0 fnt
|faint|p2a: Calyrex
|faint|p2b: Raging Bolt
|-end|p2b: Raging Bolt|Protosynthesis|[silent]
|
|win|Lei43
|raw|Lei43's rating: 1562 &rarr; <strong>1584</strong><br />(+22 for winning)
|raw|DualistX's rating: 1604 &rarr; <strong>1582</strong><br />(-22 for losing)
|l|☆DualistX
|player|p2|
