|j|☆Kuschki
|j|☆Domia22
|t:|1750746919
|gametype|doubles
|player|p1|Kuschki|101|1422
|player|p2|Domia22|skyla|1375
|teamsize|p1|6
|teamsize|p2|6
|gen|9
|tier|[Gen 9] VGC 2025 Reg I
|rated|
|rule|Species Clause: Limit one of each Pokémon
|rule|Item Clause: Limit 1 of each item
|clearpoke
|poke|p1|Zacian-*, L50|
|poke|p1|Kyogre, L50|
|poke|p1|Kingambit, L50, F|
|poke|p1|Flamigo, L50, F|
|poke|p1|Hydrapple, L50, M|
|poke|p1|Illumise, L50, F|
|poke|p2|Calyrex-Ice, L50|
|poke|p2|Lunala, L50|
|poke|p2|Indeedee-F, L50, F|
|poke|p2|Torkoal, L50, F|
|poke|p2|Annihilape, L50, F|
|poke|p2|Brute Bonnet, L50|
|teampreview|4
|
|t:|1750746994
|start
|switch|p1a: Kingambit|Kingambit, L50, F|100/100
|switch|p1b: Kyogre|Kyogre, L50|100/100
|switch|p2a: Calyrex|Calyrex-Ice, L50|100/100
|switch|p2b: Indeedee|Indeedee-F, L50, F|100/100
|-ability|p2a: Calyrex|As One
|-ability|p2a: Calyrex|Unnerve
|-fieldstart|move: Psychic Terrain|[from] ability: Psychic Surge|[of] p2b: Indeedee
|-weather|RainDance|[from] ability: Drizzle|[of] p1b: Kyogre
|turn|1
|
|t:|1750747018
|move|p2b: Indeedee|Follow Me|p2b: Indeedee
|-singleturn|p2b: Indeedee|move: Follow Me
|move|p1b: Kyogre|Water Spout|p2a: Calyrex|[spread] p2a,p2b
|-damage|p2a: Calyrex|31/100
|-damage|p2b: Indeedee|0 fnt
|faint|p2b: Indeedee
|move|p1a: Kingambit|Kowtow Cleave|p2a: Calyrex
|-supereffective|p2a: Calyrex
|-damage|p2a: Calyrex|0 fnt
|faint|p2a: Calyrex
|
|-weather|RainDance|[upkeep]
|upkeep
|-message|Domia22 forfeited.
|
|win|Kuschki
|raw|Kuschki's rating: 1422 &rarr; <strong>1439</strong><br />(+17 for winning)
|raw|Domia22's rating: 1375 &rarr; <strong>1358</strong><br />(-17 for losing)
|l|☆Domia22
|player|p2|
|l|☆Kuschki
|player|p1|
