|j|☆CamNewtontheGOAT
|j|☆Nihilego2105
|t:|1750739827
|gametype|doubles
|player|p1|CamNewtontheGOAT|265|1440
|player|p2|Nihilego2105|169|1567
|teamsize|p1|6
|teamsize|p2|6
|gen|9
|tier|[Gen 9] VGC 2025 Reg I
|rated|
|rule|Species Clause: Limit one of each Pokémon
|rule|Item Clause: Limit 1 of each item
|clearpoke
|poke|p1|Koraidon, L50|
|poke|p1|Flutter Mane, L50|
|poke|p1|Chi-Yu, L50|
|poke|p1|Calyrex-Shadow, L50|
|poke|p1|Rillaboom, L50, M|
|poke|p1|Smeargle, L50, F|
|poke|p2|Miraidon, L50|
|poke|p2|Groudon, L50|
|poke|p2|Volcarona, L50, F|
|poke|p2|Incineroar, L50, F|
|poke|p2|Chien-Pao, L50|
|poke|p2|Amoonguss, L50, M|
|teampreview|4
|inactive|Battle timer is ON: inactive players will automatically lose when time's up. (requested by CamNewtontheGOAT)
CamNewtontheGOAT rejected open team sheets.
|
|t:|1750739894
|start
|switch|p1a: Koraidon|Koraidon, L50|100/100
|switch|p1b: Smeargle|Smeargle, L50, F|100/100
|switch|p2a: Miraidon|Miraidon, L50|100/100
|switch|p2b: Volcarona|Volcarona, L50, F|100/100
|-fieldstart|move: Electric Terrain|[from] ability: Hadron Engine|[of] p2a: Miraidon
|-enditem|p2b: Volcarona|Electric Seed
|-boost|p2b: Volcarona|def|1|[from] item: Electric Seed
|-weather|SunnyDay|[from] ability: Orichalcum Pulse|[of] p1a: Koraidon
|-activate|p1a: Koraidon|Orichalcum Pulse|[source]
|turn|1
|inactive|Nihilego2105 has 30 seconds left.
|
|t:|1750739928
|switch|p2a: Incineroar|Incineroar, L50, F|100/100
|-ability|p2a: Incineroar|Intimidate|boost
|-fail|p1a: Koraidon|unboost|[from] item: Clear Amulet|[of] p1a: Koraidon
|-unboost|p1b: Smeargle|atk|1
|-terastallize|p1a: Koraidon|Fire
|move|p2b: Volcarona|Protect|p2b: Volcarona
|-singleturn|p2b: Volcarona|Protect
|move|p1b: Smeargle|Fake Out|p2a: Incineroar
|-damage|p2a: Incineroar|94/100
|move|p1a: Koraidon|Flame Charge|p2b: Volcarona
|-activate|p2b: Volcarona|move: Protect
|
|-weather|SunnyDay|[upkeep]
|-ability|p1b: Smeargle|Moody|boost
|-boost|p1b: Smeargle|spd|2
|-unboost|p1b: Smeargle|def|1
|upkeep
|turn|2
|inactive|CamNewtontheGOAT has 30 seconds left.
|inactive|Nihilego2105 has 30 seconds left.
|
|t:|1750739960
|move|p2a: Incineroar|Fake Out|p1a: Koraidon
|-damage|p1a: Koraidon|92/100
|cant|p1a: Koraidon|flinch
|move|p1b: Smeargle|Decorate|p1a: Koraidon
|-boost|p1a: Koraidon|atk|2
|-boost|p1a: Koraidon|spa|2
|move|p2b: Volcarona|Quiver Dance|p2b: Volcarona
|-boost|p2b: Volcarona|spa|1
|-boost|p2b: Volcarona|spd|1
|-boost|p2b: Volcarona|spe|1
|
|-weather|SunnyDay|[upkeep]
|-ability|p1b: Smeargle|Moody|boost
|-boost|p1b: Smeargle|spa|2
|-unboost|p1b: Smeargle|spd|1
|upkeep
|turn|3
|inactive|Nihilego2105 has 30 seconds left.
|inactive|Nihilego2105 has 20 seconds left.
|
|t:|1750739996
|move|p2b: Volcarona|Protect|p2b: Volcarona
|-singleturn|p2b: Volcarona|Protect
|move|p1b: Smeargle|Follow Me|p1b: Smeargle
|-singleturn|p1b: Smeargle|move: Follow Me
|move|p1a: Koraidon|Collision Course|p2a: Incineroar
|-supereffective|p2a: Incineroar
|-damage|p2a: Incineroar|0 fnt
|faint|p2a: Incineroar
|
|-weather|SunnyDay|[upkeep]
|-ability|p1b: Smeargle|Moody|boost
|-boost|p1b: Smeargle|atk|2
|-unboost|p1b: Smeargle|spa|1
|upkeep
|
|t:|1750740005
|switch|p2a: Miraidon|Miraidon, L50|100/100
|-activate|p2a: Miraidon|ability: Hadron Engine
|turn|4
|
|t:|1750740027
|move|p1b: Smeargle|Follow Me|p1b: Smeargle
|-singleturn|p1b: Smeargle|move: Follow Me
|move|p2a: Miraidon|Volt Switch|p1b: Smeargle
|-crit|p1b: Smeargle
|-enditem|p1b: Smeargle|Focus Sash
|-damage|p1b: Smeargle|1/100
|
|t:|1750740032
|switch|p2a: Groudon|Groudon, L50|100/100|[from] Volt Switch
|move|p2b: Volcarona|Fiery Dance|p1b: Smeargle
|-damage|p1b: Smeargle|0 fnt
|-boost|p2b: Volcarona|spa|1
|faint|p1b: Smeargle
|move|p1a: Koraidon|Flare Blitz|p2b: Volcarona
|-damage|p2b: Volcarona|0 fnt
|faint|p2b: Volcarona
|-damage|p1a: Koraidon|56/100|[from] Recoil
|
|-weather|SunnyDay|[upkeep]
|upkeep
|-message|Nihilego2105 forfeited.
|
|win|CamNewtontheGOAT
|raw|CamNewtontheGOAT's rating: 1440 &rarr; <strong>1467</strong><br />(+27 for winning)
|raw|Nihilego2105's rating: 1567 &rarr; <strong>1540</strong><br />(-27 for losing)
|l|☆Nihilego2105
|player|p2|
|l|☆CamNewtontheGOAT
|player|p1|
