|j|☆broodedgy
|j|☆Thatonesoulguy
|t:|1750879901
|gametype|doubles
|player|p1|broodedgy|266|1553
|player|p2|Thatonesoulguy|bellelba|1557
|teamsize|p1|6
|teamsize|p2|6
|gen|9
|tier|[Gen 9] VGC 2025 Reg I
|rated|
|rule|Species Clause: Limit one of each Pokémon
|rule|Item Clause: Limit 1 of each item
|clearpoke
|poke|p1|Farigiraf, L50, M|
|poke|p1|Miraidon, L50|
|poke|p1|Rayquaza, L50|
|poke|p1|Iron Hands, L50|
|poke|p1|Volcarona, L50, F|
|poke|p1|Ogerpon-Wellspring, L50, F|
|poke|p2|Incineroar, L50, M|
|poke|p2|Kyogre, L50|
|poke|p2|Calyrex-Ice, L50|
|poke|p2|Farigiraf, L50, F|
|poke|p2|Urshifu-*, L50, M|
|poke|p2|Amoonguss, L50, M|
|teampreview|4
|inactive|Battle timer is ON: inactive players will automatically lose when time's up. (requested by Thatonesoulguy)
|inactive|broodedgy also wants the timer to be on.
|inactive|broodedgy has 60 seconds left.
|
|t:|1750879937
|start
|switch|p1a: Rayquaza|Rayquaza, L50|100/100
|switch|p1b: Miraidon|Miraidon, L50|100/100
|switch|p2a: Urshifu|Urshifu-Rapid-Strike, L50, M|100/100
|switch|p2b: Farigiraf|Farigiraf, L50, F|100/100
|-fieldstart|move: Electric Terrain|[from] ability: Hadron Engine|[of] p1b: Miraidon
|-ability|p1a: Rayquaza|Air Lock
|turn|1
|
|t:|1750879948
|-terastallize|p2a: Urshifu|Ice
|move|p2b: Farigiraf|Helping Hand|p2a: Urshifu
|-singleturn|p2a: Urshifu|Helping Hand|[of] p2b: Farigiraf
|move|p1b: Miraidon|Volt Switch|p2a: Urshifu
|-crit|p2a: Urshifu
|-damage|p2a: Urshifu|0 fnt
|faint|p2a: Urshifu
|
|t:|1750879962
|switch|p1b: Farigiraf|Farigiraf, L50, M|100/100|[from] Volt Switch
|-enditem|p1b: Farigiraf|Electric Seed
|-boost|p1b: Farigiraf|def|1|[from] item: Electric Seed
|move|p1a: Rayquaza|Dragon Ascent|p2b: Farigiraf
|-damage|p2b: Farigiraf|4/100
|-unboost|p1a: Rayquaza|def|1
|-unboost|p1a: Rayquaza|spd|1
|
|upkeep
|
|t:|1750879967
|switch|p2a: Calyrex|Calyrex-Ice, L50|100/100
|-ability|p2a: Calyrex|As One
|-ability|p2a: Calyrex|Unnerve
|turn|2
|
|t:|1750879973
|move|p2b: Farigiraf|Protect|p2b: Farigiraf
|-singleturn|p2b: Farigiraf|Protect
|move|p1a: Rayquaza|Dragon Ascent|p2a: Calyrex
|-damage|p2a: Calyrex|28/100
|-unboost|p1a: Rayquaza|def|1
|-unboost|p1a: Rayquaza|spd|1
|move|p1b: Farigiraf|Foul Play|p2a: Calyrex
|-supereffective|p2a: Calyrex
|-damage|p2a: Calyrex|0 fnt
|faint|p2a: Calyrex
|
|upkeep
|-message|Thatonesoulguy forfeited.
|
|win|broodedgy
|raw|broodedgy's rating: 1553 &rarr; <strong>1573</strong><br />(+20 for winning)
|raw|Thatonesoulguy's rating: 1557 &rarr; <strong>1537</strong><br />(-20 for losing)
|l|☆broodedgy
|player|p1|
|l|☆Thatonesoulguy
|player|p2|
