|j|☆Mameon
|j|☆Slayer_trainer
|t:|1750875349
|gametype|doubles
|player|p1|Mameon|red|1232
|player|p2|Slayer_trainer|dragontamer|1323
|teamsize|p1|6
|teamsize|p2|6
|gen|9
|tier|[Gen 9] VGC 2025 Reg I
|rated|
|rule|Species Clause: Limit one of each Pokémon
|rule|Item Clause: Limit 1 of each item
|clearpoke
|poke|p1|Calyrex-Ice, L50|
|poke|p1|Scraggy, L50, M|
|poke|p1|Miraidon, L50|
|poke|p1|Farigiraf, L50, F|
|poke|p1|Iron Treads, L50|
|poke|p1|Iron Hands, L50|
|poke|p2|Lunala, L50|
|poke|p2|Kyogre, L50|
|poke|p2|Indeedee-F, L50, F|
|poke|p2|Iron Hands, L50|
|poke|p2|Sinistcha-Masterpiece, L50|
|poke|p2|Chien-Pao, L50|
|teampreview|4
|inactive|Battle timer is ON: inactive players will automatically lose when time's up. (requested by Mameon)
|
|t:|1750875386
|start
|switch|p1a: Calyrex|Calyrex-Ice, L50|100/100
|switch|p1b: Scraggy|Scraggy, L50, M|100/100
|switch|p2a: Iron Hands|Iron Hands, L50|100/100
|switch|p2b: Indeedee|Indeedee-F, L50, F|100/100
|-ability|p1a: Calyrex|As One
|-ability|p1a: Calyrex|Unnerve
|-fieldstart|move: Psychic Terrain|[from] ability: Psychic Surge|[of] p2b: Indeedee
|-enditem|p2b: Indeedee|Psychic Seed
|-boost|p2b: Indeedee|spd|1|[from] item: Psychic Seed
|-ability|p1b: Scraggy|Intimidate|boost
|-unboost|p2a: Iron Hands|atk|1
|-unboost|p2b: Indeedee|atk|1
|turn|1
|inactive|Mameon has 30 seconds left.
|inactive|Mameon has 20 seconds left.
|inactive|Mameon has 15 seconds left.
|inactive|Mameon has 10 seconds left.
|
|t:|1750875435
|move|p2b: Indeedee|Follow Me|p2b: Indeedee
|-singleturn|p2b: Indeedee|move: Follow Me
|move|p2a: Iron Hands|Belly Drum|p2a: Iron Hands
|-damage|p2a: Iron Hands|50/100
|-setboost|p2a: Iron Hands|atk|6|[from] move: Belly Drum
|move|p1b: Scraggy|Foul Play|p2b: Indeedee
|-supereffective|p2b: Indeedee
|-damage|p2b: Indeedee|69/100
|move|p1a: Calyrex|Trick Room|p1a: Calyrex
|-fieldstart|move: Trick Room|[of] p1a: Calyrex
|
|upkeep
|turn|2
|inactive|Slayer_trainer has 30 seconds left.
|
|t:|1750875460
|switch|p2b: Sinistcha|Sinistcha-Masterpiece, L50|100/100
|-heal|p2a: Iron Hands|75/100|[from] ability: Hospitality|[of] p2b: Sinistcha
|move|p1b: Scraggy|Coaching|p1a: Calyrex
|-boost|p1a: Calyrex|atk|1
|-boost|p1a: Calyrex|def|1
|move|p1a: Calyrex|High Horsepower|p2a: Iron Hands
|-supereffective|p2a: Iron Hands
|-damage|p2a: Iron Hands|0 fnt
|faint|p2a: Iron Hands
|-end|p2a: Iron Hands|Quark Drive|[silent]
|-ability|p1a: Calyrex|Chilling Neigh|boost
|-boost|p1a: Calyrex|atk|1
|
|upkeep
|
|t:|1750875475
|switch|p2a: Lunala|Lunala, L50|100/100
|turn|3
|
|t:|1750875488
|move|p2b: Sinistcha|Rage Powder|p2b: Sinistcha
|-singleturn|p2b: Sinistcha|move: Rage Powder
|move|p1b: Scraggy|Foul Play|p2b: Sinistcha
|-supereffective|p2b: Sinistcha
|-damage|p2b: Sinistcha|76/100
|move|p1a: Calyrex|Glacial Lance|p2b: Sinistcha|[spread] p2a,p2b
|-supereffective|p2b: Sinistcha
|-damage|p2a: Lunala|53/100
|-damage|p2b: Sinistcha|0 fnt
|faint|p2b: Sinistcha
|-ability|p1a: Calyrex|Chilling Neigh|boost
|-boost|p1a: Calyrex|atk|1
|move|p2a: Lunala|Moongeist Beam|p1a: Calyrex
|-supereffective|p1a: Calyrex
|-damage|p1a: Calyrex|16/100
|
|upkeep
|
|t:|1750875502
|switch|p2b: Indeedee|Indeedee-F, L50, F|69/100
|turn|4
|
|t:|1750875517
|-terastallize|p2a: Lunala|Dark
|move|p2b: Indeedee|Follow Me|p2b: Indeedee
|-singleturn|p2b: Indeedee|move: Follow Me
|move|p1b: Scraggy|Foul Play|p2b: Indeedee
|-supereffective|p2b: Indeedee
|-damage|p2b: Indeedee|24/100
|move|p1a: Calyrex|Glacial Lance|p2b: Indeedee|[spread] p2a,p2b
|-damage|p2a: Lunala|0 fnt
|-damage|p2b: Indeedee|0 fnt
|faint|p2a: Lunala
|faint|p2b: Indeedee
|
|win|Mameon
|raw|Mameon's rating: 1232 &rarr; <strong>1263</strong><br />(+31 for winning)
|raw|Slayer_trainer's rating: 1323 &rarr; <strong>1298</strong><br />(-25 for losing)
|l|☆Slayer_trainer
|player|p2|
