|j|☆o1iikdk1d
|j|☆amomuchoaminovia
|t:|1750717483
|gametype|doubles
|player|p1|o1iikdk1d|102|1160
|player|p2|amomuchoaminovia|169|1064
|teamsize|p1|6
|teamsize|p2|4
|gen|9
|tier|[Gen 9] VGC 2025 Reg I
|rated|
|rule|Species Clause: Limit one of each Pokémon
|rule|Item Clause: Limit 1 of each item
|clearpoke
|poke|p1|Koraidon, L50|
|poke|p1|Riolu, L50, F|
|poke|p1|Calyrex-Shadow, L50|
|poke|p1|Indeedee-F, L50, F|
|poke|p1|Brute Bonnet, L50|
|poke|p1|Flutter Mane, L50|
|poke|p2|Kommo-o, L50, F|
|poke|p2|Scream Tail, L50|
|poke|p2|Gothitelle, L50, M|
|poke|p2|Groudon, L50|
|teampreview|4
|inactive|Battle timer is ON: inactive players will automatically lose when time's up. (requested by amomuchoaminovia)
|
|t:|1750717501
|start
|switch|p1a: Calyrex|Calyrex-Shadow, L50|100/100
|switch|p1b: Flutter Mane|Flutter Mane, L50|100/100
|switch|p2a: Groudon|Groudon, L50|100/100
|switch|p2b: Scream Tail|Scream Tail, L50|100/100
|-ability|p1a: Calyrex|As One
|-ability|p1a: Calyrex|Unnerve
|-weather|SunnyDay|[from] ability: Drought|[of] p2a: Groudon
|-activate|p1b: Flutter Mane|ability: Protosynthesis
|-start|p1b: Flutter Mane|protosynthesisspe
|-activate|p2b: Scream Tail|ability: Protosynthesis
|-start|p2b: Scream Tail|protosynthesisspe
|turn|1
|inactive|amomuchoaminovia has 30 seconds left.
|
|t:|1750717531
|-terastallize|p2b: Scream Tail|Steel
|move|p1b: Flutter Mane|Thunder Wave|p2b: Scream Tail
|-status|p2b: Scream Tail|par
|move|p1a: Calyrex|Astral Barrage|p2b: Scream Tail|[spread] p2a,p2b
|-damage|p2a: Groudon|27/100
|-damage|p2b: Scream Tail|52/100 par
|-enditem|p2b: Scream Tail|Eject Button
|-damage|p1a: Calyrex|91/100|[from] item: Life Orb
|
|t:|1750717545
|-end|p2b: Scream Tail|Protosynthesis|[silent]
|switch|p2b: Gothitelle|Gothitelle, L50, M|100/100
|move|p2a: Groudon|Heat Crash|p1a: Calyrex
|-damage|p1a: Calyrex|0 fnt
|faint|p1a: Calyrex
|
|-weather|SunnyDay|[upkeep]
|upkeep
|
|t:|1750717555
|switch|p1a: Koraidon|Koraidon, L50|100/100
|-activate|p1a: Koraidon|ability: Orichalcum Pulse
|turn|2
|
|t:|1750717565
|move|p2b: Gothitelle|Fake Out|p1a: Koraidon
|-damage|p1a: Koraidon|95/100
|move|p1b: Flutter Mane|Moonblast|p2a: Groudon
|-damage|p2a: Groudon|0 fnt
|faint|p2a: Groudon
|cant|p1a: Koraidon|flinch
|
|-weather|SunnyDay|[upkeep]
|upkeep
|
|t:|1750717571
|switch|p2a: Scream Tail|Scream Tail, L50, tera:Steel|52/100 par
|-activate|p2a: Scream Tail|ability: Protosynthesis
|-start|p2a: Scream Tail|protosynthesisspe
|turn|3
|
|t:|1750717588
|move|p2b: Gothitelle|Protect|p2b: Gothitelle
|-singleturn|p2b: Gothitelle|Protect
|move|p1b: Flutter Mane|Thunder Wave|p2b: Gothitelle
|-activate|p2b: Gothitelle|move: Protect
|move|p1a: Koraidon|Flare Blitz|p2a: Scream Tail
|-supereffective|p2a: Scream Tail
|-damage|p2a: Scream Tail|0 fnt
|faint|p2a: Scream Tail
|-end|p2a: Scream Tail|Protosynthesis|[silent]
|-damage|p1a: Koraidon|74/100|[from] Recoil
|
|-weather|SunnyDay|[upkeep]
|upkeep
|
|t:|1750717597
|switch|p2a: Kommo-o|Kommo-o, L50, F|100/100
|turn|4
|-message|amomuchoaminovia forfeited.
|
|win|o1iikdk1d
|raw|o1iikdk1d's rating: 1160 &rarr; <strong>1178</strong><br />(+18 for winning)
|raw|amomuchoaminovia's rating: 1064 &rarr; <strong>1050</strong><br />(-14 for losing)
|l|☆amomuchoaminovia
|player|p2|
|l|☆o1iikdk1d
|player|p1|
