|j|☆xdt707
|j|☆SuperDruper
|t:|1750841890
|gametype|doubles
|player|p1|xdt707|swimmerf-gen4|1553
|player|p2|SuperDruper|hooligans|1543
|teamsize|p1|6
|teamsize|p2|6
|gen|9
|tier|[Gen 9] VGC 2025 Reg I
|rated|
|rule|Species Clause: Limit one of each Pokémon
|rule|Item Clause: Limit 1 of each item
|clearpoke
|poke|p1|Calyrex-Ice, L50|
|poke|p1|Koraidon, L50|
|poke|p1|Chi-Yu, L50|
|poke|p1|Landorus, L50, M|
|poke|p1|Raging Bolt, L50|
|poke|p1|Grimmsnarl, L50, M|
|poke|p2|Calyrex-Shadow, L50|
|poke|p2|Koraidon, L50|
|poke|p2|Indeedee-F, L50, F|
|poke|p2|Tornadus, L50, M|
|poke|p2|Flutter Mane, L50|
|poke|p2|Chi-Yu, L50|
|teampreview|4
SuperDruper has agreed to open team sheets.
|inactive|Battle timer is ON: inactive players will automatically lose when time's up. (requested by SuperDruper)
|
|t:|1750841920
|start
|switch|p1a: Grimmsnarl|Grimmsnarl, L50, M, shiny|100/100
|switch|p1b: Calyrex|Calyrex-Ice, L50|100/100
|switch|p2a: Calyrex|Calyrex-Shadow, L50|100/100
|switch|p2b: Koraidon|Koraidon, L50|100/100
|-ability|p2a: Calyrex|As One
|-ability|p2a: Calyrex|Unnerve
|-ability|p1b: Calyrex|As One
|-ability|p1b: Calyrex|Unnerve
|-weather|SunnyDay|[from] ability: Orichalcum Pulse|[of] p2b: Koraidon
|-activate|p2b: Koraidon|Orichalcum Pulse|[source]
|turn|1
|j| Mertoo
|
|t:|1750841939
|-terastallize|p2b: Koraidon|Fire
|-terastallize|p1b: Calyrex|Fire
|move|p1a: Grimmsnarl|Fake Out|p2b: Koraidon
|-damage|p2b: Koraidon|91/100
|move|p2a: Calyrex|Astral Barrage|p1a: Grimmsnarl|[spread] p1a,p1b
|-resisted|p1a: Grimmsnarl
|-damage|p1a: Grimmsnarl|66/100
|-damage|p1b: Calyrex|47/100
|-damage|p2a: Calyrex|91/100|[from] item: Life Orb
|cant|p2b: Koraidon|flinch
|move|p1b: Calyrex|Glacial Lance|p2a: Calyrex|[spread] p2a,p2b
|-resisted|p2b: Koraidon
|-damage|p2a: Calyrex|0 fnt
|-damage|p2b: Koraidon|48/100
|faint|p2a: Calyrex
|-ability|p1b: Calyrex|Chilling Neigh|boost
|-boost|p1b: Calyrex|atk|1
|
|-weather|SunnyDay|[upkeep]
|upkeep
|
|t:|1750841960
|switch|p2a: Flutter Mane|Flutter Mane, L50|100/100
|-activate|p2a: Flutter Mane|ability: Protosynthesis
|-start|p2a: Flutter Mane|protosynthesisspe
|turn|2
|
|t:|1750841970
|move|p1a: Grimmsnarl|Light Screen|p1a: Grimmsnarl
|-sidestart|p1: xdt707|move: Light Screen
|move|p2a: Flutter Mane|Moonblast|p1a: Grimmsnarl
|-supereffective|p1a: Grimmsnarl
|-damage|p1a: Grimmsnarl|0 fnt
|faint|p1a: Grimmsnarl
|move|p2b: Koraidon|Collision Course|p1b: Calyrex
|-damage|p1b: Calyrex|3/100
|move|p1b: Calyrex|Glacial Lance|p2a: Flutter Mane|[spread] p2a,p2b
|-resisted|p2b: Koraidon
|-enditem|p2a: Flutter Mane|Focus Sash
|-damage|p2a: Flutter Mane|1/100
|-damage|p2b: Koraidon|0 fnt
|faint|p2b: Koraidon
|-ability|p1b: Calyrex|Chilling Neigh|boost
|-boost|p1b: Calyrex|atk|1
|
|-weather|SunnyDay|[upkeep]
|upkeep
|
|t:|1750841985
|switch|p2b: Indeedee|Indeedee-F, L50, F, shiny|100/100
|switch|p1a: Koraidon|Koraidon, L50|100/100
|-activate|p1a: Koraidon|ability: Orichalcum Pulse
|-fieldstart|move: Psychic Terrain|[from] ability: Psychic Surge|[of] p2b: Indeedee
|-enditem|p2b: Indeedee|Psychic Seed
|-boost|p2b: Indeedee|spd|1|[from] item: Psychic Seed
|turn|3
|
|t:|1750841995
|move|p2a: Flutter Mane|Moonblast|p1a: Koraidon
|-supereffective|p1a: Koraidon
|-enditem|p1a: Koraidon|Focus Sash
|-damage|p1a: Koraidon|1/100
|move|p1a: Koraidon|Flame Charge|p2a: Flutter Mane
|-damage|p2a: Flutter Mane|0 fnt
|-boost|p1a: Koraidon|spe|1
|faint|p2a: Flutter Mane
|-end|p2a: Flutter Mane|Protosynthesis|[silent]
|move|p2b: Indeedee|Psychic|p1b: Calyrex
|-damage|p1b: Calyrex|0 fnt
|faint|p1b: Calyrex
|
|-weather|SunnyDay|[upkeep]
|upkeep
|j| JasperrepsaJ
|
|t:|1750842000
|switch|p1b: Chi-Yu|Chi-Yu, L50|100/100
|-ability|p1b: Chi-Yu|Beads of Ruin
|turn|4
|c|☆SuperDruper|gg wp
|-message|SuperDruper forfeited.
|
|win|xdt707
|raw|xdt707's rating: 1553 &rarr; <strong>1572</strong><br />(+19 for winning)
|raw|SuperDruper's rating: 1543 &rarr; <strong>1524</strong><br />(-19 for losing)
|l|☆SuperDruper
|player|p2|
|c|☆xdt707|66
|l| Mertoo
|l|☆xdt707
|player|p1|
|l| JasperrepsaJ
