|j|☆Matutinha
|j|☆yanszinツ
|t:|1750825620
|gametype|doubles
|player|p1|Matutinha|169|1298
|player|p2|yanszinツ|guitarist|1276
|teamsize|p1|6
|teamsize|p2|6
|gen|9
|tier|[Gen 9] VGC 2025 Reg I
|rated|
|rule|Species Clause: Limit one of each Pokémon
|rule|Item Clause: Limit 1 of each item
|clearpoke
|poke|p1|Solgaleo, L50|
|poke|p1|Calyrex-Shadow, L50|
|poke|p1|Whimsicott, L50, F|
|poke|p1|Flutter Mane, L50|
|poke|p1|Farigiraf, L50, M|
|poke|p1|Dragonite, L50, M|
|poke|p2|Calyrex-Shadow, L50|
|poke|p2|Terapagos, L50, M|
|poke|p2|Incineroar, L50, F|
|poke|p2|Ogerpon-Wellspring, L50, F|
|poke|p2|Urshifu-*, L50, M|
|poke|p2|Whimsicott, L50, F|
|teampreview|4
|
|t:|1750825644
|start
|switch|p1a: Solgaleo|Solgaleo, L50|100/100
|switch|p1b: Whimsicott|Whimsicott, L50, F|100/100
|switch|p2a: Prince|Calyrex-Shadow, L50|100/100
|switch|p2b: Candyzinha|Whimsicott, L50, F|100/100
|-ability|p2a: Prince|As One
|-ability|p2a: Prince|Unnerve
|turn|1
|
|t:|1750825666
|-terastallize|p1a: Solgaleo|Fire
|move|p1b: Whimsicott|Taunt|p2b: Candyzinha
|-start|p2b: Candyzinha|move: Taunt
|cant|p2b: Candyzinha|move: Taunt|Tailwind
|move|p2a: Prince|Astral Barrage|p1b: Whimsicott|[spread] p1a,p1b
|-damage|p1a: Solgaleo|30/100
|-damage|p1b: Whimsicott|0 fnt
|faint|p1b: Whimsicott
|-ability|p2a: Prince|Grim Neigh|boost
|-boost|p2a: Prince|spa|1
|-damage|p2a: Prince|91/100|[from] item: Life Orb
|move|p1a: Solgaleo|Flare Blitz|p2b: Candyzinha
|-supereffective|p2b: Candyzinha
|-damage|p2b: Candyzinha|0 fnt
|faint|p2b: Candyzinha
|-damage|p1a: Solgaleo|9/100|[from] Recoil
|
|upkeep
|
|t:|1750825684
|switch|p1b: Calyrex|Calyrex-Shadow, L50|100/100
|switch|p2b: Ogerpon|Ogerpon-Wellspring, L50, F|100/100
|-ability|p1b: Calyrex|As One
|-ability|p1b: Calyrex|Unnerve
|turn|2
|
|t:|1750825703
|move|p2a: Prince|Protect|p2a: Prince
|-singleturn|p2a: Prince|Protect
|move|p1b: Calyrex|Bulldoze|p2a: Prince|[spread] p1a,p2b
|-activate|p2a: Prince|move: Protect
|-supereffective|p1a: Solgaleo
|-resisted|p2b: Ogerpon
|-damage|p1a: Solgaleo|0 fnt
|-damage|p2b: Ogerpon|97/100
|-unboost|p2b: Ogerpon|spe|1
|faint|p1a: Solgaleo
|-ability|p1b: Calyrex|Grim Neigh|boost
|-boost|p1b: Calyrex|spa|1
|move|p2b: Ogerpon|Ivy Cudgel|p1b: Calyrex|[anim] Ivy Cudgel Water
|-damage|p1b: Calyrex|35/100
|
|upkeep
|-message|Matutinha forfeited.
|
|win|yanszinツ
|raw|Matutinha's rating: 1298 &rarr; <strong>1271</strong><br />(-27 for losing)
|raw|yanszinツ's rating: 1276 &rarr; <strong>1303</strong><br />(+27 for winning)
|l|☆Matutinha
|player|p1|
|l|☆yanszinツ
|player|p2|
