|j|☆Thallax62
|j|☆sandslash666
|t:|1750719638
|gametype|doubles
|player|p1|Thallax62|depotagent|1040
|player|p2|sandslash666|ghetsis|1077
|teamsize|p1|6
|teamsize|p2|6
|gen|9
|tier|[Gen 9] VGC 2025 Reg I
|rated|
|rule|Species Clause: Limit one of each Pokémon
|rule|Item Clause: Limit 1 of each item
|clearpoke
|poke|p1|Lunala, L50|
|poke|p1|Blaziken, L50, F|
|poke|p1|Kyogre, L50|
|poke|p1|Archaludon, L50, F|
|poke|p1|Malamar, L50, F|
|poke|p1|Maushold, L50|
|poke|p2|Hydreigon, L50, M|
|poke|p2|Calyrex-Ice, L50|
|poke|p2|Urshifu-*, L50, M|
|poke|p2|Chi-Yu, L50|
|poke|p2|Lunala, L50|
|poke|p2|Amoonguss, L50, M|
|teampreview|4
|
|t:|1750719701
|start
|switch|p1a: Lunala|Lunala, L50, shiny|100/100
|switch|p1b: Maushold|Maushold, L50|100/100
|switch|p2a: Hydreigon|Hydreigon, L50, M, shiny|100/100
|switch|p2b: Lunala|Lunala, L50, shiny|100/100
|turn|1
|
|t:|1750719724
|move|p1b: Maushold|Rain Dance|p1b: Maushold
|-weather|RainDance
|move|p1a: Lunala|Tailwind|p1a: Lunala
|-sidestart|p1: Thallax62|move: Tailwind
|move|p2b: Lunala|Calm Mind|p2b: Lunala
|-boost|p2b: Lunala|spa|1
|-boost|p2b: Lunala|spd|1
|move|p2a: Hydreigon|Snarl|p1b: Maushold|[spread] p1a,p1b
|-supereffective|p1a: Lunala
|-damage|p1a: Lunala|65/100
|-damage|p1b: Maushold|57/100
|-unboost|p1a: Lunala|spa|1
|-unboost|p1b: Maushold|spa|1
|
|-weather|RainDance|[upkeep]
|upkeep
|turn|2
|
|t:|1750719743
|switch|p1a: Archaludon|Archaludon, L50, F, shiny|100/100
|move|p1b: Maushold|Population Bomb|p1a: Archaludon
|-resisted|p1a: Archaludon
|-damage|p1a: Archaludon|99/100
|-ability|p1a: Archaludon|Stamina|boost
|-boost|p1a: Archaludon|def|1
|-resisted|p1a: Archaludon
|-damage|p1a: Archaludon|98/100
|-ability|p1a: Archaludon|Stamina|boost
|-boost|p1a: Archaludon|def|1
|-resisted|p1a: Archaludon
|-damage|p1a: Archaludon|97/100
|-ability|p1a: Archaludon|Stamina|boost
|-boost|p1a: Archaludon|def|1
|-resisted|p1a: Archaludon
|-damage|p1a: Archaludon|97/100
|-ability|p1a: Archaludon|Stamina|boost
|-boost|p1a: Archaludon|def|1
|-resisted|p1a: Archaludon
|-damage|p1a: Archaludon|96/100
|-ability|p1a: Archaludon|Stamina|boost
|-boost|p1a: Archaludon|def|1
|-resisted|p1a: Archaludon
|-damage|p1a: Archaludon|96/100
|-ability|p1a: Archaludon|Stamina|boost
|-boost|p1a: Archaludon|def|1
|-resisted|p1a: Archaludon
|-damage|p1a: Archaludon|95/100
|-resisted|p1a: Archaludon
|-damage|p1a: Archaludon|95/100
|-resisted|p1a: Archaludon
|-damage|p1a: Archaludon|94/100
|-resisted|p1a: Archaludon
|-damage|p1a: Archaludon|94/100
|-hitcount|p1a: Archaludon|10
|move|p2b: Lunala|Moongeist Beam|p1a: Archaludon
|-crit|p1a: Archaludon
|-damage|p1a: Archaludon|20/100
|move|p2a: Hydreigon|Snarl|p1b: Maushold|[spread] p1a,p1b
|-damage|p1a: Archaludon|7/100
|-damage|p1b: Maushold|16/100
|-unboost|p1a: Archaludon|spa|1
|-unboost|p1b: Maushold|spa|1
|
|-weather|RainDance|[upkeep]
|upkeep
|turn|3
|
|t:|1750719790
|switch|p1b: Lunala|Lunala, L50, shiny|65/100
|move|p1a: Archaludon|Electro Shot||[still]
|-prepare|p1a: Archaludon|Electro Shot
|-boost|p1a: Archaludon|spa|1
|-anim|p1a: Archaludon|Electro Shot|p2b: Lunala
|-damage|p2b: Lunala|92/100
|move|p2b: Lunala|Moonblast|p1a: Archaludon
|-damage|p1a: Archaludon|0 fnt
|faint|p1a: Archaludon
|move|p2a: Hydreigon|Snarl|p1b: Lunala
|-supereffective|p1b: Lunala
|-damage|p1b: Lunala|0 fnt
|faint|p1b: Lunala
|
|-weather|RainDance|[upkeep]
|-heal|p2b: Lunala|98/100|[from] item: Leftovers
|upkeep
|-message|Thallax62 forfeited.
|
|win|sandslash666
|raw|Thallax62's rating: 1040 &rarr; <strong>1026</strong><br />(-14 for losing)
|raw|sandslash666's rating: 1077 &rarr; <strong>1102</strong><br />(+25 for winning)
|l|☆Thallax62
|player|p1|
