|j|☆gingerlike
|j|☆SabasVGC
|t:|1750800581
|gametype|doubles
|player|p1|gingerlike|2|1513
|player|p2|SabasVGC|bugcatcher-gen4dp|1630
|teamsize|p1|6
|teamsize|p2|6
|gen|9
|tier|[Gen 9] VGC 2025 Reg I
|rated|
|rule|Species Clause: Limit one of each Pokémon
|rule|Item Clause: Limit 1 of each item
|clearpoke
|poke|p1|Lilligant-Hisui, L50, F|
|poke|p1|Koraidon, L50|
|poke|p1|Zamazenta-*, L50|
|poke|p1|Flutter Mane, L50|
|poke|p1|Incineroar, L50, F|
|poke|p1|Ogerpon-Cornerstone, L50, F|
|poke|p2|Urshifu-*, L50, F|
|poke|p2|Torkoal, L50, M|
|poke|p2|Lunala, L50|
|poke|p2|Iron Hands, L50|
|poke|p2|Miraidon, L50|
|poke|p2|Ursaluna, L50, M|
|teampreview|4
|inactive|Battle timer is ON: inactive players will automatically lose when time's up. (requested by gingerlike)
|inactive|gingerlike has 60 seconds left.
|inactive|gingerlike has 30 seconds left.
|inactive|gingerlike has 20 seconds left.
|inactive|gingerlike has 15 seconds left.
|inactive|gingerlike has 10 seconds left.
|inactive|gingerlike has 5 seconds left.
|
|t:|1750800670
|start
|switch|p1a: Lilligant|Lilligant-Hisui, L50, F|100/100
|switch|p1b: Koraidon|Koraidon, L50|100/100
|switch|p2a: Miraidon|Miraidon, L50|100/100
|switch|p2b: Lunala|Lunala, L50, shiny|100/100
|-fieldstart|move: Electric Terrain|[from] ability: Hadron Engine|[of] p2a: Miraidon
|-enditem|p2b: Lunala|Electric Seed
|-boost|p2b: Lunala|def|1|[from] item: Electric Seed
|-weather|SunnyDay|[from] ability: Orichalcum Pulse|[of] p1b: Koraidon
|-activate|p1b: Koraidon|Orichalcum Pulse|[source]
|turn|1
|inactive|SabasVGC has 30 seconds left.
|
|t:|1750800705
|-terastallize|p1b: Koraidon|Fire
|move|p1a: Lilligant|Coaching|p1b: Koraidon
|-boost|p1b: Koraidon|atk|1
|-boost|p1b: Koraidon|def|1
|move|p2a: Miraidon|Draco Meteor|p1b: Koraidon
|-damage|p1b: Koraidon|0 fnt
|-unboost|p2a: Miraidon|spa|2
|faint|p1b: Koraidon
|move|p2b: Lunala|Trick Room|p2b: Lunala
|-fieldstart|move: Trick Room|[of] p2b: Lunala
|
|-weather|SunnyDay|[upkeep]
|upkeep
|
|t:|1750800721
|switch|p1b: Incineroar|Incineroar, L50, F|100/100
|-ability|p1b: Incineroar|Intimidate|boost
|-unboost|p2a: Miraidon|atk|1
|-unboost|p2b: Lunala|atk|1
|turn|2
|j| neebieplayersea
|
|t:|1750800736
|switch|p2a: Iron Hands|Iron Hands, L50, shiny|100/100
|-activate|p2a: Iron Hands|ability: Quark Drive
|-start|p2a: Iron Hands|quarkdriveatk
|-terastallize|p2b: Lunala|Fairy
|move|p1a: Lilligant|Protect|p1a: Lilligant
|-singleturn|p1a: Lilligant|Protect
|move|p1b: Incineroar|Knock Off|p2b: Lunala
|-resisted|p2b: Lunala
|-damage|p2b: Lunala|97/100
|move|p2b: Lunala|Moonblast|p1a: Lilligant
|-activate|p1a: Lilligant|move: Protect
|
|-weather|SunnyDay|[upkeep]
|upkeep
|turn|3
|
|t:|1750800757
|move|p2a: Iron Hands|Close Combat|p1b: Incineroar
|-supereffective|p1b: Incineroar
|-damage|p1b: Incineroar|0 fnt
|-unboost|p2a: Iron Hands|def|1
|-unboost|p2a: Iron Hands|spd|1
|-damage|p2a: Iron Hands|84/100|[from] item: Rocky Helmet|[of] p1b: Incineroar
|faint|p1b: Incineroar
|move|p2b: Lunala|Moonblast|p1a: Lilligant
|-supereffective|p1a: Lilligant
|-enditem|p1a: Lilligant|Focus Sash
|-damage|p1a: Lilligant|1/100
|move|p1a: Lilligant|Coaching|p1: Incineroar|[notarget]
|-fail|p1a: Lilligant
|
|-weather|SunnyDay|[upkeep]
|upkeep
|-message|gingerlike forfeited.
|
|win|SabasVGC
|raw|gingerlike's rating: 1513 &rarr; <strong>1499</strong><br />(-14 for losing)
|raw|SabasVGC's rating: 1630 &rarr; <strong>1644</strong><br />(+14 for winning)
|l|☆gingerlike
|player|p1|
|l| neebieplayersea
|l|☆SabasVGC
|player|p2|
