|j|☆jhimbo2100
|j|☆DivinesilaPatrick
|t:|1750829728
|gametype|doubles
|player|p1|jhimbo2100|1|1236
|player|p2|DivinesilaPatrick|1|1304
|teamsize|p1|6
|teamsize|p2|6
|gen|9
|tier|[Gen 9] VGC 2025 Reg I
|rated|
|rule|Species Clause: Limit one of each Pokémon
|rule|Item Clause: Limit 1 of each item
|clearpoke
|poke|p1|Lunala, L50|
|poke|p1|Calyrex-Ice, L50|
|poke|p1|Ursaluna-Bloodmoon, L50, M|
|poke|p1|Indeedee-F, L50, F|
|poke|p1|Annihilape, L50, F|
|poke|p1|Araquanid, L50, M|
|poke|p2|Miraidon, L50|
|poke|p2|Iron Hands, L50|
|poke|p2|Farigiraf, L50, M|
|poke|p2|Calyrex-Ice, L50|
|poke|p2|Heatran, L50, M|
|poke|p2|Gastrodon-East, L50, M|
|teampreview|4
|inactive|Battle timer is ON: inactive players will automatically lose when time's up. (requested by DivinesilaPatrick)
|
|t:|1750829754
|start
|switch|p1a: Annihilape|Annihilape, L50, F|100/100
|switch|p1b: Calyrex|Calyrex-Ice, L50|100/100
|switch|p2a: Gojo|Miraidon, L50|100/100
|switch|p2b: Jugo|Heatran, L50, M, shiny|100/100
|-ability|p1b: Calyrex|As One
|-ability|p1b: Calyrex|Unnerve
|-fieldstart|move: Electric Terrain|[from] ability: Hadron Engine|[of] p2a: Gojo
|turn|1
|
|t:|1750829776
|switch|p2a: Nanami|Farigiraf, L50, M, shiny|100/100
|-enditem|p2a: Nanami|Electric Seed
|-boost|p2a: Nanami|def|1|[from] item: Electric Seed
|-terastallize|p1b: Calyrex|Fire
|move|p1a: Annihilape|Final Gambit|p2b: Jugo
|-damage|p2b: Jugo|0 fnt
|faint|p1a: Annihilape
|faint|p2b: Jugo
|move|p1b: Calyrex|Trick Room|p1b: Calyrex
|-fieldstart|move: Trick Room|[of] p1b: Calyrex
|
|upkeep
|
|t:|1750829788
|switch|p2b: Sukana|Calyrex-Ice, L50|100/100
|switch|p1a: Ursaluna|Ursaluna-Bloodmoon, L50, M|100/100
|-ability|p2b: Sukana|As One
|-ability|p2b: Sukana|Unnerve
|turn|2
|
|t:|1750829808
|move|p1a: Ursaluna|Protect|p1a: Ursaluna
|-singleturn|p1a: Ursaluna|Protect
|move|p2a: Nanami|Psychic Noise|p1a: Ursaluna
|-activate|p1a: Ursaluna|move: Protect
|move|p2b: Sukana|Imprison|p2b: Sukana
|-start|p2b: Sukana|move: Imprison
|move|p1b: Calyrex|Swords Dance|p1b: Calyrex
|-boost|p1b: Calyrex|atk|2
|
|upkeep
|turn|3
|c|☆jhimbo2100|oh thats disney evil
|inactive|jhimbo2100 has 30 seconds left.
|
|t:|1750829837
|-terastallize|p2a: Nanami|Ground
|move|p1a: Ursaluna|Hyper Voice|p2a: Nanami|[spread] p2a,p2b
|-damage|p2a: Nanami|69/100
|-damage|p2b: Sukana|78/100
|-enditem|p1a: Ursaluna|Throat Spray
|-boost|p1a: Ursaluna|spa|1|[from] item: Throat Spray
|move|p2a: Nanami|Tera Blast|p1b: Calyrex|[anim] Tera Blast Ground
|-supereffective|p1b: Calyrex
|-damage|p1b: Calyrex|62/100
|move|p2b: Sukana|Glacial Lance|p1b: Calyrex|[spread] p1a,p1b
|-supereffective|p1a: Ursaluna
|-resisted|p1b: Calyrex
|-damage|p1a: Ursaluna|27/100
|-damage|p1b: Calyrex|44/100
|move|p1b: Calyrex|High Horsepower|p2b: Sukana
|-damage|p2b: Sukana|22/100
|
|upkeep
|turn|4
|inactive|jhimbo2100 has 30 seconds left.
|
|t:|1750829863
|move|p2a: Nanami|Helping Hand|p2b: Sukana
|-singleturn|p2b: Sukana|Helping Hand|[of] p2a: Nanami
|move|p1a: Ursaluna|Hyper Voice|p2b: Sukana|[spread] p2a,p2b
|-damage|p2a: Nanami|19/100
|-damage|p2b: Sukana|0 fnt
|faint|p2b: Sukana
|move|p1b: Calyrex|High Horsepower|p2a: Nanami
|-damage|p2a: Nanami|0 fnt
|faint|p2a: Nanami
|-ability|p1b: Calyrex|Chilling Neigh|boost
|-boost|p1b: Calyrex|atk|1
|
|upkeep
|l|☆DivinesilaPatrick
|inactive|DivinesilaPatrick disconnected and has a minute to reconnect!
|player|p2|
|c|☆jhimbo2100|lmao
|inactive|DivinesilaPatrick has 30 seconds left.
|inactive|DivinesilaPatrick has 20 seconds left.
|inactive|DivinesilaPatrick has 15 seconds left.
|inactive|DivinesilaPatrick has 10 seconds left.
|inactive|DivinesilaPatrick has 5 seconds left.
|-message|DivinesilaPatrick lost due to inactivity.
|
|win|jhimbo2100
|raw|jhimbo2100's rating: 1236 &rarr; <strong>1266</strong><br />(+30 for winning)
|raw|DivinesilaPatrick's rating: 1304 &rarr; <strong>1280</strong><br />(-24 for losing)
|l|☆jhimbo2100
|player|p1|
