|j|☆Ren Hiyama
|j|☆Tats217
|t:|1750753109
|gametype|doubles
|player|p1|Ren Hiyama|cyrus|1114
|player|p2|Tats217|hiker-gen4|1180
|teamsize|p1|6
|teamsize|p2|6
|gen|9
|tier|[Gen 9] VGC 2025 Reg I
|rated|
|rule|Species Clause: Limit one of each Pokémon
|rule|Item Clause: Limit 1 of each item
|clearpoke
|poke|p1|Articuno, L50|
|poke|p1|Ninetales-Alola, L50, F|
|poke|p1|Hitmontop, L50, M|
|poke|p1|Tornadus, L50, M|
|poke|p1|Ogerpon-Wellspring, L50, F|
|poke|p1|Miraidon, L50|
|poke|p2|Calyrex-Shadow, L50|
|poke|p2|Zamazenta-*, L50|
|poke|p2|Tornadus, L50, M|
|poke|p2|Urshifu-*, L50, M|
|poke|p2|Incineroar, L50, F|
|poke|p2|Rillaboom, L50, M|
|teampreview|4
|inactive|Battle timer is ON: inactive players will automatically lose when time's up. (requested by Tats217)
|
|t:|1750753174
|start
|switch|p1a: Tornadus|Tornadus, L50, M, shiny|100/100
|switch|p1b: Ninetales|Ninetales-Alola, L50, F, shiny|100/100
|switch|p2a: Calyrex|Calyrex-Shadow, L50|100/100
|switch|p2b: Rillaboom|Rillaboom, L50, M|100/100
|-ability|p2a: Calyrex|As One
|-ability|p2a: Calyrex|Unnerve
|-weather|Snowscape|[from] ability: Snow Warning|[of] p1b: Ninetales
|-fieldstart|move: Grassy Terrain|[from] ability: Grassy Surge|[of] p2b: Rillaboom
|turn|1
|inactive|Ren Hiyama has 30 seconds left.
|inactive|Tats217 has 30 seconds left.
|inactive|Ren Hiyama has 20 seconds left.
|inactive|Tats217 has 20 seconds left.
|inactive|Tats217 has 15 seconds left.
|inactive|Tats217 has 10 seconds left.
|
|t:|1750753220
|-terastallize|p2a: Calyrex|Ghost
|move|p2b: Rillaboom|Fake Out|p1b: Ninetales
|-damage|p1b: Ninetales|86/100
|move|p1a: Tornadus|Tailwind|p1a: Tornadus
|-sidestart|p1: Ren Hiyama|move: Tailwind
|cant|p1b: Ninetales|flinch
|move|p2a: Calyrex|Astral Barrage|p1b: Ninetales|[spread] p1a,p1b
|-damage|p1a: Tornadus|39/100
|-damage|p1b: Ninetales|0 fnt
|faint|p1b: Ninetales
|-ability|p2a: Calyrex|Grim Neigh|boost
|-boost|p2a: Calyrex|spa|1
|
|-weather|Snowscape|[upkeep]
|upkeep
|
|t:|1750753239
|switch|p1b: Articuno|Articuno, L50, shiny|100/100
|turn|2
|
|t:|1750753251
|switch|p2b: Zamazenta|Zamazenta-Crowned, L50|100/100
|-ability|p2b: Zamazenta|Dauntless Shield|boost
|-boost|p2b: Zamazenta|def|1
|-terastallize|p1b: Articuno|Ice
|move|p2a: Calyrex|Protect|p2a: Calyrex
|-singleturn|p2a: Calyrex|Protect
|move|p1a: Tornadus|Bleakwind Storm|p2a: Calyrex|[spread] p2b
|-activate|p2a: Calyrex|move: Protect
|-damage|p2b: Zamazenta|76/100
|move|p1b: Articuno|Blizzard|p2b: Zamazenta|[spread] p2b
|-activate|p2a: Calyrex|move: Protect
|-resisted|p2b: Zamazenta
|-damage|p2b: Zamazenta|52/100
|
|-weather|Snowscape|[upkeep]
|-heal|p2b: Zamazenta|58/100|[from] Grassy Terrain
|upkeep
|turn|3
|c|☆Tats217|gg
|inactive|Ren Hiyama has 30 seconds left.
|
|t:|1750753280
|move|p2b: Zamazenta|Wide Guard|p2b: Zamazenta
|-singleturn|p2b: Zamazenta|Wide Guard
|move|p1a: Tornadus|Bleakwind Storm|p2a: Calyrex|[spread] 
|-activate|p2a: Calyrex|move: Wide Guard
|-activate|p2b: Zamazenta|move: Wide Guard
|move|p2a: Calyrex|Astral Barrage|p1b: Articuno|[spread] p1a,p1b
|-damage|p1a: Tornadus|0 fnt
|-damage|p1b: Articuno|18/100
|faint|p1a: Tornadus
|-ability|p2a: Calyrex|Grim Neigh|boost
|-boost|p2a: Calyrex|spa|1
|move|p1b: Articuno|Blizzard|p2a: Calyrex|[spread] 
|-activate|p2a: Calyrex|move: Wide Guard
|-activate|p2b: Zamazenta|move: Wide Guard
|
|-weather|Snowscape|[upkeep]
|-heal|p1b: Articuno|24/100|[from] Grassy Terrain
|-heal|p2b: Zamazenta|64/100|[from] Grassy Terrain
|upkeep
|
|t:|1750753301
|switch|p1a: Miraidon|Miraidon, L50|100/100
|-fieldstart|move: Electric Terrain|[from] ability: Hadron Engine|[of] p1a: Miraidon
|turn|4
|inactive|Ren Hiyama has 30 seconds left.
|
|t:|1750753330
|move|p2b: Zamazenta|Wide Guard|p2b: Zamazenta
|-singleturn|p2b: Zamazenta|Wide Guard
|move|p1a: Miraidon|Electro Drift|p2b: Zamazenta
|-damage|p2b: Zamazenta|2/100
|move|p2a: Calyrex|Astral Barrage|p1b: Articuno|[spread] p1a,p1b
|-damage|p1a: Miraidon|0 fnt
|-damage|p1b: Articuno|0 fnt
|faint|p1a: Miraidon
|faint|p1b: Articuno
|
|win|Tats217
|raw|Ren Hiyama's rating: 1114 &rarr; <strong>1094</strong><br />(-20 for losing)
|raw|Tats217's rating: 1180 &rarr; <strong>1200</strong><br />(+20 for winning)
|l|☆Ren Hiyama
|player|p1|
|l|☆Tats217
|player|p2|
