|j|☆bman311
|j|☆practicesemijrlman
|t:|1750823305
|gametype|doubles
|player|p1|bman311|elesa-masters|
|player|p2|practicesemijrlman|lucas|
|teamsize|p1|6
|teamsize|p2|6
|gen|9
|tier|[Gen 9] VGC 2025 Reg I
|rated|Tournament battle
|rule|Species Clause: Limit one of each Pokémon
|rule|Item Clause: Limit 1 of each item
|raw|<div class="infobox"><details class="readmore" open><summary><strong>2 custom rules:</strong></summary> Force Open Team Sheets, !Open Team Sheets</details></div>
|clearpoke
|poke|p1|Miraidon, L50|
|poke|p1|Lunala, L50|
|poke|p1|Incineroar, L50, F|
|poke|p1|Ursaluna, L50, M|
|poke|p1|Urshifu-*, L50, F|
|poke|p1|Whimsicott, L50, F|
|poke|p2|Flutter Mane, L50|
|poke|p2|Koraidon, L50|
|poke|p2|Chi-Yu, L50|
|poke|p2|Calyrex-Shadow, L50|
|poke|p2|Indeedee-F, L50, F|
|poke|p2|Tornadus, L50, M|
|teampreview|4
|showteam|p1|Miraidon||ChoiceSpecs|HadronEngine|ElectroDrift,DracoMeteor,DazzlingGleam,VoltSwitch||||||50|,,,,,Fairy]Lunala||ElectricSeed|ShadowShield|MoongeistBeam,Moonblast,WideGuard,TrickRoom||||||50|,,,,,Fairy]Incineroar||AssaultVest|Intimidate|FakeOut,FlareBlitz,KnockOff,Uturn|||F|||50|,,,,,Bug]Ursaluna||FlameOrb|Guts|Facade,HeadlongRush,Earthquake,Protect|||M|||50|,,,,,Ghost]Urshifu-Rapid-Strike||ChoiceBand|UnseenFist|SurgingStrikes,CloseCombat,AquaJet,Uturn|||F|||50|,,,,,Ghost]Whimsicott||CovertCloak|Prankster|Tailwind,Moonblast,LightScreen,Encore|||F|||50|,,,,,Water
|showteam|p2|Flutter Mane||FocusSash|Protosynthesis|ShadowBall,IcyWind,Moonblast,Protect||||||50|,,,,,Fairy]Koraidon||LifeOrb|OrichalcumPulse|FlareBlitz,CloseCombat,FlameCharge,Protect||||||50|,,,,,Fire]Chi-Yu||ChoiceScarf|BeadsofRuin|DarkPulse,HeatWave,Overheat,Ruination||||||50|,,,,,Ghost]Calyrex-Shadow||ChoiceSpecs|AsOneSpectrier|AstralBarrage,ExpandingForce,DarkPulse,Trick||||||50|,,,,,Ghost]Indeedee-F||PsychicSeed|PsychicSurge|Imprison,FollowMe,TrickRoom,DazzlingGleam|||F|||50|,,,,,Fairy]Tornadus||CovertCloak|Prankster|BleakwindStorm,Taunt,SunnyDay,Tailwind|||M|||50|,,,,,Dark
|inactive|Battle timer is ON: inactive players will automatically lose when time's up. (requested by bman311)
|inactive|practicesemijrlman also wants the timer to be on.
|j| Tg511
|j| Ismael Reina Jr.
|j| imgoldshark07
|j| TheOneAndoNlyChat
|inactive|bman311 has 60 seconds left.
|
|t:|1750823355
|start
|switch|p1a: Lunala|Lunala, L50|100/100
|switch|p1b: Incineroar|Incineroar, L50, F|100/100
|switch|p2a: Red Yoshi|Koraidon, L50|100/100
|switch|p2b: Cloud Glider|Flutter Mane, L50|100/100
|-weather|SunnyDay|[from] ability: Orichalcum Pulse|[of] p2a: Red Yoshi
|-activate|p2b: Cloud Glider|ability: Protosynthesis
|-start|p2b: Cloud Glider|protosynthesisspe
|-activate|p2a: Red Yoshi|Orichalcum Pulse|[source]
|-ability|p1b: Incineroar|Intimidate|boost
|-unboost|p2a: Red Yoshi|atk|1
|-unboost|p2b: Cloud Glider|atk|1
|turn|1
|l| imgoldshark07
|
|t:|1750823379
|-terastallize|p1a: Lunala|Fairy
|move|p2a: Red Yoshi|Protect|p2a: Red Yoshi
|-singleturn|p2a: Red Yoshi|Protect
|move|p1b: Incineroar|Fake Out|p2a: Red Yoshi
|-activate|p2a: Red Yoshi|move: Protect
|move|p2b: Cloud Glider|Shadow Ball|p1a: Lunala
|-damage|p1a: Lunala|84/100
|move|p1a: Lunala|Trick Room|p1a: Lunala
|-fieldstart|move: Trick Room|[of] p1a: Lunala
|
|-weather|SunnyDay|[upkeep]
|upkeep
|turn|2
|
|t:|1750823400
|-terastallize|p2a: Red Yoshi|Fire
|move|p1b: Incineroar|Flare Blitz|p2a: Red Yoshi
|-resisted|p2a: Red Yoshi
|-damage|p2a: Red Yoshi|63/100
|-damage|p1b: Incineroar|90/100|[from] Recoil
|move|p1a: Lunala|Moongeist Beam|p2a: Red Yoshi
|-damage|p2a: Red Yoshi|1/100
|move|p2a: Red Yoshi|Flare Blitz|p1a: Lunala
|-damage|p1a: Lunala|6/100
|-status|p1a: Lunala|brn
|-damage|p2a: Red Yoshi|0 fnt|[from] Recoil
|faint|p2a: Red Yoshi
|move|p2b: Cloud Glider|Moonblast|p1b: Incineroar
|-damage|p1b: Incineroar|58/100
|
|-weather|SunnyDay|[upkeep]
|-damage|p1a: Lunala|0 fnt|[from] brn
|faint|p1a: Lunala
|upkeep
|c| TheOneAndoNlyChat|gaming
|
|t:|1750823421
|switch|p1a: Ursaluna|Ursaluna, L50, M|100/100
|switch|p2a: Biddybuggy|Chi-Yu, L50|100/100
|-ability|p2a: Biddybuggy|Beads of Ruin
|turn|3
|j| Teach me VGC pls
|j| fudii
|j| eriksp9
|inactive|practicesemijrlman has 30 seconds left.
|j| Ducktile
|
|t:|1750823455
|move|p1a: Ursaluna|Headlong Rush|p2a: Biddybuggy
|-supereffective|p2a: Biddybuggy
|-damage|p2a: Biddybuggy|0 fnt
|-unboost|p1a: Ursaluna|def|1
|-unboost|p1a: Ursaluna|spd|1
|faint|p2a: Biddybuggy
|move|p1b: Incineroar|U-turn|p2b: Cloud Glider
|-resisted|p2b: Cloud Glider
|-damage|p2b: Cloud Glider|90/100
|
|t:|1750823463
|switch|p1b: Miraidon|Miraidon, L50|100/100|[from] U-turn
|-fieldstart|move: Electric Terrain|[from] ability: Hadron Engine|[of] p1b: Miraidon
|move|p2b: Cloud Glider|Moonblast|p1b: Miraidon
|-supereffective|p1b: Miraidon
|-damage|p1b: Miraidon|7/100
|
|-weather|SunnyDay|[upkeep]
|-status|p1a: Ursaluna|brn|[from] item: Flame Orb
|upkeep
|j|%Tb0lt
|
|t:|1750823472
|switch|p2a: Not Yoshi|Calyrex-Shadow, L50|100/100
|-ability|p2a: Not Yoshi|As One
|-ability|p2a: Not Yoshi|Unnerve
|turn|4
|l|%Tb0lt
|j| empm
|
|t:|1750823494
|move|p1a: Ursaluna|Headlong Rush|p2a: Not Yoshi
|-damage|p2a: Not Yoshi|0 fnt
|-unboost|p1a: Ursaluna|def|1
|-unboost|p1a: Ursaluna|spd|1
|faint|p2a: Not Yoshi
|move|p1b: Miraidon|Volt Switch|p2b: Cloud Glider
|-damage|p2b: Cloud Glider|0 fnt
|faint|p2b: Cloud Glider
|-end|p2b: Cloud Glider|Protosynthesis|[silent]
|
|win|bman311
|n|☆bman311|bman311
|n|☆practicesemijrlman|practicesemijrlman
|n| Tg511|tg511
|n| Ismael Reina Jr.|ismaelreinajr
|n| TheOneAndoNlyChat|theoneandonlychat
|n| Teach me VGC pls|teachmevgcpls
|n| fudii|fudii
|n| eriksp9|eriksp9
|n| Ducktile|ducktile
|n| empm|empm
