|j|☆GeAR5hift
|j|☆blu3cr33p3r
|t:|1750712269
|gametype|doubles
|player|p1|GeAR5hift|blaine|1145
|player|p2|blu3cr33p3r|bruno|1171
|teamsize|p1|6
|teamsize|p2|6
|gen|9
|tier|[Gen 9] VGC 2025 Reg I
|rated|
|rule|Species Clause: Limit one of each Pokémon
|rule|Item Clause: Limit 1 of each item
|clearpoke
|poke|p1|Scream Tail, L50|
|poke|p1|Koraidon, L50|
|poke|p1|Flutter Mane, L50|
|poke|p1|Venusaur, L50, M|
|poke|p1|Rillaboom, L50, F|
|poke|p1|Incineroar, L50, M|
|poke|p2|Calyrex-Shadow, L50|
|poke|p2|Terapagos, L50, M|
|poke|p2|Iron Hands, L50|
|poke|p2|Chi-Yu, L50|
|poke|p2|Smeargle, L50, M|
|poke|p2|Whimsicott, L50, F|
|teampreview|4
|inactive|Battle timer is ON: inactive players will automatically lose when time's up. (requested by GeAR5hift)
GeAR5hift rejected open team sheets.
|
|t:|1750712329
|start
|switch|p1a: Koraidon|Koraidon, L50|100/100
|switch|p1b: Venusaur|Venusaur, L50, M|100/100
|switch|p2a: Levitating|Calyrex-Shadow, L50|100/100
|switch|p2b: DontStartNow|Whimsicott, L50, F, shiny|100/100
|-ability|p2a: Levitating|As One
|-ability|p2a: Levitating|Unnerve
|-weather|SunnyDay|[from] ability: Orichalcum Pulse|[of] p1a: Koraidon
|-activate|p1a: Koraidon|Orichalcum Pulse|[source]
|turn|1
|inactive|GeAR5hift has 30 seconds left.
|inactive|blu3cr33p3r has 30 seconds left.
|inactive|GeAR5hift has 20 seconds left.
|inactive|blu3cr33p3r has 20 seconds left.
|inactive|blu3cr33p3r has 15 seconds left.
|
|t:|1750712371
|-terastallize|p1a: Koraidon|Fire
|move|p2a: Levitating|Psychic|p1b: Venusaur
|-supereffective|p1b: Venusaur
|-crit|p1b: Venusaur
|-damage|p1b: Venusaur|0 fnt
|faint|p1b: Venusaur
|-ability|p2a: Levitating|Grim Neigh|boost
|-boost|p2a: Levitating|spa|1
|-damage|p2a: Levitating|91/100|[from] item: Life Orb
|move|p1a: Koraidon|Flare Blitz|p2a: Levitating
|-damage|p2a: Levitating|0 fnt
|faint|p2a: Levitating
|-damage|p1a: Koraidon|70/100|[from] Recoil
|-damage|p1a: Koraidon|61/100|[from] item: Life Orb
|move|p2b: DontStartNow|Moonblast|p1a: Koraidon
|-resisted|p1a: Koraidon
|-damage|p1a: Koraidon|47/100
|
|-weather|SunnyDay|[upkeep]
|upkeep
|inactive|GeAR5hift has 30 seconds left.
|inactive|blu3cr33p3r has 30 seconds left.
|
|t:|1750712399
|switch|p2a: BreakMyHeart|Chi-Yu, L50|100/100
|switch|p1b: Incineroar|Incineroar, L50, M|100/100
|-ability|p2a: BreakMyHeart|Beads of Ruin
|-ability|p1b: Incineroar|Intimidate|boost
|-unboost|p2a: BreakMyHeart|atk|1
|-unboost|p2b: DontStartNow|atk|1
|turn|2
|
|t:|1750712427
|move|p2a: BreakMyHeart|Dark Pulse|p1a: Koraidon
|-damage|p1a: Koraidon|0 fnt
|faint|p1a: Koraidon
|move|p2b: DontStartNow|Moonblast|p1b: Incineroar
|-damage|p1b: Incineroar|69/100
|-unboost|p1b: Incineroar|spa|1
|move|p1b: Incineroar|Flare Blitz|p2b: DontStartNow
|-supereffective|p2b: DontStartNow
|-damage|p2b: DontStartNow|0 fnt
|faint|p2b: DontStartNow
|-damage|p1b: Incineroar|44/100|[from] Recoil
|
|-weather|SunnyDay|[upkeep]
|upkeep
|
|t:|1750712443
|switch|p1a: Rillaboom|Rillaboom, L50, F|100/100
|switch|p2b: Hallucinate|Terapagos, L50, M|100/100
|-activate|p2b: Hallucinate|ability: Tera Shift
|detailschange|p2b: Hallucinate|Terapagos-Terastal, L50, M
|-heal|p2b: Hallucinate|100/100|[silent]
|-fieldstart|move: Grassy Terrain|[from] ability: Grassy Surge|[of] p1a: Rillaboom
|turn|3
|inactive|GeAR5hift has 30 seconds left.
|inactive|blu3cr33p3r has 30 seconds left.
|
|t:|1750712470
|-terastallize|p2b: Hallucinate|Stellar
|detailschange|p2b: Hallucinate|Terapagos-Stellar, L50, M, tera:Stellar
|-heal|p2b: Hallucinate|100/100|[silent]
|-ability|p2b: Hallucinate|Teraform Zero
|-weather|none
|-fieldend|move: Grassy Terrain
|move|p1a: Rillaboom|Fake Out|p2a: BreakMyHeart
|-damage|p2a: BreakMyHeart|80/100
|cant|p2a: BreakMyHeart|flinch
|move|p2b: Hallucinate|Tera Starstorm|p1b: Incineroar|[spread] p1a,p1b
|-crit|p1a: Rillaboom
|-enditem|p1a: Rillaboom|Focus Sash
|-damage|p1a: Rillaboom|1/100
|-damage|p1b: Incineroar|0 fnt
|faint|p1b: Incineroar
|
|upkeep
|turn|4
|
|t:|1750712491
|move|p2a: BreakMyHeart|Dark Pulse|p1a: Rillaboom
|-damage|p1a: Rillaboom|0 fnt
|faint|p1a: Rillaboom
|
|win|blu3cr33p3r
|raw|GeAR5hift's rating: 1145 &rarr; <strong>1122</strong><br />(-23 for losing)
|raw|blu3cr33p3r's rating: 1171 &rarr; <strong>1194</strong><br />(+23 for winning)
