|j|☆davynelly
|j|☆gobra
|t:|1750863938
|gametype|doubles
|player|p1|davynelly|1|1142
|player|p2|gobra|zinzolin|1102
|teamsize|p1|6
|teamsize|p2|6
|gen|9
|tier|[Gen 9] VGC 2025 Reg I
|rated|
|rule|Species Clause: Limit one of each Pokémon
|rule|Item Clause: Limit 1 of each item
|clearpoke
|poke|p1|Miraidon, L50|
|poke|p1|Lunala, L50|
|poke|p1|Iron Crown, L50|
|poke|p1|Indeedee-F, L50, F|
|poke|p1|Iron Valiant, L50|
|poke|p1|Iron Bundle, L50|
|poke|p2|Kyogre, L50|
|poke|p2|Urshifu-*, L50, F|
|poke|p2|Rillaboom, L50, F|
|poke|p2|Incineroar, L50, F|
|poke|p2|Tornadus, L50, M|
|poke|p2|Zekrom, L50|
|teampreview|4
davynelly has agreed to open team sheets.
gobra has agreed to open team sheets.
|showteam|p1|Miraidon||ChoiceSpecs|HadronEngine|VoltSwitch,ElectroDrift,DracoMeteor,DazzlingGleam||||||50|,,,,,Fairy]Lunala||ElectricSeed|ShadowShield|MoongeistBeam,ExpandingForce,WideGuard,CalmMind||||||50|,,,,,Dark]Iron Crown||ChoiceScarf|QuarkDrive|ExpandingForce,TachyonCutter,VoltSwitch,SteelBeam||||||50|,,,,,Water]Indeedee-F||SitrusBerry|PsychicSurge|FollowMe,Protect,AlluringVoice,ShadowBall|||F|||50|,,,,,Fairy]Iron Valiant||ChoiceBand|QuarkDrive|SpiritBreak,CloseCombat,KnockOff,PsychoCut||||||50|,,,,,Steel]Iron Bundle||FocusSash|QuarkDrive|FreezeDry,HydroPump,IcyWind,Protect||||||50|,,,,,Ghost
|showteam|p2|Kyogre||MysticWater|Drizzle|WaterSpout,OriginPulse,Thunder,Protect||||||50|,,,,,Grass]Urshifu-Rapid-Strike||ChoiceScarf|UnseenFist|SurgingStrikes,CloseCombat,Uturn,IceSpinner|||F|||50|,,,,,Water]Rillaboom||AssaultVest|GrassySurge|GrassyGlide,FakeOut,Uturn,HighHorsepower|||F|||50|,,,,,Fire]Incineroar||SafetyGoggles|Intimidate|FakeOut,PartingShot,KnockOff,WillOWisp|||F|||50|,,,,,Water]Tornadus||FocusSash|Prankster|BleakwindStorm,Taunt,Tailwind,IcyWind|||M|||50|,,,,,Fairy]Zekrom||ChoiceBand|Teravolt|BoltStrike,FusionBolt,DragonClaw,TeraBlast||||||50|,,,,,Ground
|
|t:|1750864004
|start
|switch|p1a: Miraidon|Miraidon, L50|100/100
|switch|p1b: Iron Crown|Iron Crown, L50|100/100
|switch|p2a: Zekrom|Zekrom, L50|100/100
|switch|p2b: Incineroar|Incineroar, L50, F, shiny|100/100
|-fieldstart|move: Electric Terrain|[from] ability: Hadron Engine|[of] p1a: Miraidon
|-activate|p1b: Iron Crown|ability: Quark Drive
|-start|p1b: Iron Crown|quarkdrivespa
|-ability|p2a: Zekrom|Teravolt
|-ability|p2b: Incineroar|Intimidate|boost
|-unboost|p1a: Miraidon|atk|1
|-unboost|p1b: Iron Crown|atk|1
|turn|1
|
|t:|1750864043
|-end|p1b: Iron Crown|Quark Drive|[silent]
|switch|p1b: Indeedee|Indeedee-F, L50, F|100/100
|-fieldstart|move: Psychic Terrain|[from] ability: Psychic Surge|[of] p1b: Indeedee
|-terastallize|p1a: Miraidon|Fairy
|move|p2b: Incineroar|Fake Out|p1a: Miraidon
|-activate|p1a: Miraidon|move: Psychic Terrain
|move|p1a: Miraidon|Dazzling Gleam|p2b: Incineroar|[spread] p2a,p2b
|-supereffective|p2a: Zekrom
|-damage|p2a: Zekrom|0 fnt
|-damage|p2b: Incineroar|67/100
|faint|p2a: Zekrom
|
|upkeep
|-message|gobra forfeited.
|
|win|davynelly
|raw|davynelly's rating: 1142 &rarr; <strong>1164</strong><br />(+22 for winning)
|raw|gobra's rating: 1102 &rarr; <strong>1080</strong><br />(-22 for losing)
|l|☆gobra
|player|p2|
|l|☆davynelly
|player|p1|
