|j|☆ikejeffo
|j|☆MambaNuggets
|t:|1750828185
|gametype|doubles
|player|p1|ikejeffo|170|1116
|player|p2|MambaNuggets|266|1103
|teamsize|p1|6
|teamsize|p2|6
|gen|9
|tier|[Gen 9] VGC 2025 Reg I
|rated|
|rule|Species Clause: Limit one of each Pokémon
|rule|Item Clause: Limit 1 of each item
|clearpoke
|poke|p1|Probopass, L50, M|
|poke|p1|Grimmsnarl, L50, M|
|poke|p1|Zamazenta-*, L50|
|poke|p1|Miraidon, L50|
|poke|p1|Incineroar, L50, F|
|poke|p1|Primarina, L50, M|
|poke|p2|Miraidon, L50|
|poke|p2|Groudon, L50|
|poke|p2|Volcarona, L50, M|
|poke|p2|Grimmsnarl, L50, M|
|poke|p2|Iron Hands, L50|
|poke|p2|Flutter Mane, L50|
|teampreview|4
|inactive|Battle timer is ON: inactive players will automatically lose when time's up. (requested by MambaNuggets)
|inactive|ikejeffo also wants the timer to be on.
|inactive|MambaNuggets has 60 seconds left.
|
|t:|1750828224
|start
|switch|p1a: Incineroar|Incineroar, L50, F|100/100
|switch|p1b: Probopass|Probopass, L50, M|100/100
|switch|p2a: Miraidon|Miraidon, L50|100/100
|switch|p2b: Groudon|Groudon, L50|100/100
|-fieldstart|move: Electric Terrain|[from] ability: Hadron Engine|[of] p2a: Miraidon
|-enditem|p2a: Miraidon|Electric Seed
|-boost|p2a: Miraidon|def|1|[from] item: Electric Seed
|-weather|SunnyDay|[from] ability: Drought|[of] p2b: Groudon
|-ability|p1a: Incineroar|Intimidate|boost
|-unboost|p2a: Miraidon|atk|1
|-fail|p2b: Groudon|unboost|[from] item: Clear Amulet|[of] p2b: Groudon
|turn|1
|inactive|ikejeffo has 30 seconds left.
|
|t:|1750828253
|move|p1a: Incineroar|Fake Out|p2a: Miraidon
|-damage|p2a: Miraidon|95/100
|move|p1b: Probopass|Wide Guard|p1b: Probopass
|-singleturn|p1b: Probopass|Wide Guard
|cant|p2a: Miraidon|flinch
|move|p2b: Groudon|Precipice Blades|p1a: Incineroar|[spread] 
|-activate|p1a: Incineroar|move: Wide Guard
|-activate|p1b: Probopass|move: Wide Guard
|
|-weather|SunnyDay|[upkeep]
|upkeep
|turn|2
|
|t:|1750828271
|move|p2a: Miraidon|Calm Mind|p2a: Miraidon
|-boost|p2a: Miraidon|spa|1
|-boost|p2a: Miraidon|spd|1
|move|p2b: Groudon|Precipice Blades|p1b: Probopass|[spread] p1a,p1b
|-supereffective|p1a: Incineroar
|-supereffective|p1b: Probopass
|-damage|p1a: Incineroar|0 fnt
|-ability|p1b: Probopass|Sturdy
|-damage|p1b: Probopass|1/100
|faint|p1a: Incineroar
|move|p1b: Probopass|Taunt|p2b: Groudon
|-start|p2b: Groudon|move: Taunt
|
|-weather|SunnyDay|[upkeep]
|upkeep
|
|t:|1750828280
|switch|p1a: Zamazenta|Zamazenta-Crowned, L50|100/100
|-ability|p1a: Zamazenta|Dauntless Shield|boost
|-boost|p1a: Zamazenta|def|1
|turn|3
|-message|ikejeffo forfeited.
|
|win|MambaNuggets
|raw|ikejeffo's rating: 1116 &rarr; <strong>1090</strong><br />(-26 for losing)
|raw|MambaNuggets's rating: 1103 &rarr; <strong>1129</strong><br />(+26 for winning)
|l|☆ikejeffo
|player|p1|
|l|☆MambaNuggets
|player|p2|
