|j|☆RustyTacos27
|j|☆ibzdibz
|t:|1750721034
|gametype|doubles
|player|p1|RustyTacos27|101|1485
|player|p2|ibzdibz|miku-ground|1428
|teamsize|p1|6
|teamsize|p2|6
|gen|9
|tier|[Gen 9] VGC 2025 Reg I
|rated|
|rule|Species Clause: Limit one of each Pokémon
|rule|Item Clause: Limit 1 of each item
|clearpoke
|poke|p1|Lunala, L50|
|poke|p1|Ursaluna, L50, M|
|poke|p1|Urshifu-*, L50, F|
|poke|p1|Miraidon, L50|
|poke|p1|Incineroar, L50, M|
|poke|p1|Whimsicott, L50, F|
|poke|p2|Zamazenta-*, L50|
|poke|p2|Calyrex-Ice, L50|
|poke|p2|Oranguru, L50, F|
|poke|p2|Urshifu-*, L50, F|
|poke|p2|Clefairy, L50, F|
|poke|p2|Ursaluna, L50, F|
|teampreview|4
|inactive|Battle timer is ON: inactive players will automatically lose when time's up. (requested by RustyTacos27)
|
|t:|1750721088
|start
|switch|p1a: Miraidon|Miraidon, L50|100/100
|switch|p1b: Incineroar|Incineroar, L50, M|100/100
|switch|p2a: Urshifu|Urshifu, L50, F|100/100
|switch|p2b: Oranguru|Oranguru, L50, F|100/100
|-fieldstart|move: Electric Terrain|[from] ability: Hadron Engine|[of] p1a: Miraidon
|-ability|p1b: Incineroar|Intimidate|boost
|-unboost|p2a: Urshifu|atk|1
|-fail|p2b: Oranguru|unboost|Attack|[from] ability: Inner Focus|[of] p2b: Oranguru
|turn|1
|inactive|ibzdibz has 30 seconds left.
|
|t:|1750721116
|move|p2a: Urshifu|Detect|p2a: Urshifu
|-singleturn|p2a: Urshifu|Protect
|move|p1a: Miraidon|Volt Switch|p2b: Oranguru
|-damage|p2b: Oranguru|20/100
|
|t:|1750721123
|switch|p1a: Lunala|Lunala, L50|100/100|[from] Volt Switch
|-enditem|p1a: Lunala|Electric Seed
|-boost|p1a: Lunala|def|1|[from] item: Electric Seed
|move|p1b: Incineroar|U-turn|p2b: Oranguru
|-supereffective|p2b: Oranguru
|-damage|p2b: Oranguru|0 fnt
|faint|p2b: Oranguru
|
|t:|1750721132
|switch|p1b: Miraidon|Miraidon, L50|100/100|[from] U-turn
|-activate|p1b: Miraidon|ability: Hadron Engine
|
|upkeep
|
|t:|1750721137
|switch|p2b: Ursaluna|Ursaluna, L50, F, shiny|100/100
|turn|2
|
|t:|1750721150
|-terastallize|p1a: Lunala|Fairy
|move|p1b: Miraidon|Draco Meteor|p2b: Ursaluna
|-damage|p2b: Ursaluna|0 fnt
|-unboost|p1b: Miraidon|spa|2
|faint|p2b: Ursaluna
|move|p2a: Urshifu|Wicked Blow|p1a: Lunala
|-resisted|p1a: Lunala
|-crit|p1a: Lunala
|-damage|p1a: Lunala|89/100
|move|p1a: Lunala|Moonblast|p2a: Urshifu
|-supereffective|p2a: Urshifu
|-crit|p2a: Urshifu
|-enditem|p2a: Urshifu|Focus Sash
|-damage|p2a: Urshifu|1/100
|-unboost|p2a: Urshifu|spa|1
|
|upkeep
|
|t:|1750721163
|switch|p2b: Calyrex|Calyrex-Ice, L50|100/100
|-ability|p2b: Calyrex|As One
|-ability|p2b: Calyrex|Unnerve
|turn|3
|
|t:|1750721180
|-terastallize|p2b: Calyrex|Fire
|move|p2a: Urshifu|Sucker Punch|p1b: Miraidon
|-damage|p1b: Miraidon|75/100
|move|p1b: Miraidon|Draco Meteor|p2b: Calyrex
|-damage|p2b: Calyrex|55/100
|-unboost|p1b: Miraidon|spa|2
|move|p1a: Lunala|Moongeist Beam|p2b: Calyrex
|-damage|p2b: Calyrex|23/100
|move|p2b: Calyrex|High Horsepower|p1b: Miraidon|[miss]
|-miss|p2b: Calyrex|p1b: Miraidon
|
|upkeep
|turn|4
|
|t:|1750721197
|move|p1b: Miraidon|Draco Meteor|p2b: Calyrex
|-damage|p2b: Calyrex|0 fnt
|-unboost|p1b: Miraidon|spa|2
|faint|p2b: Calyrex
|move|p2a: Urshifu|Wicked Blow|p1a: Lunala
|-resisted|p1a: Lunala
|-crit|p1a: Lunala
|-damage|p1a: Lunala|67/100
|move|p1a: Lunala|Moonblast|p2a: Urshifu
|-supereffective|p2a: Urshifu
|-damage|p2a: Urshifu|0 fnt
|faint|p2a: Urshifu
|
|win|RustyTacos27
|raw|RustyTacos27's rating: 1485 &rarr; <strong>1502</strong><br />(+17 for winning)
|raw|ibzdibz's rating: 1428 &rarr; <strong>1411</strong><br />(-17 for losing)
|l|☆ibzdibz
|player|p2|
|l|☆RustyTacos27
|player|p1|
