|j|☆BRdilas
|j|☆quagzacian
|t:|1750809014
|gametype|doubles
|player|p1|BRdilas|266|1426
|player|p2|quagzacian|barry|1468
|teamsize|p1|6
|teamsize|p2|6
|gen|9
|tier|[Gen 9] VGC 2025 Reg I
|rated|
|rule|Species Clause: Limit one of each Pokémon
|rule|Item Clause: Limit 1 of each item
|clearpoke
|poke|p1|Koraidon, L50|
|poke|p1|Armarouge, L50, M|
|poke|p1|Calyrex-Shadow, L50|
|poke|p1|Indeedee-F, L50, F|
|poke|p1|Dondozo, L50, F|
|poke|p1|Tatsugiri, L50, F|
|poke|p2|Miraidon, L50|
|poke|p2|Lunala, L50|
|poke|p2|Sylveon, L50, M|
|poke|p2|Incineroar, L50, M|
|poke|p2|Iron Hands, L50|
|poke|p2|Urshifu-*, L50, F|
|teampreview|4
|
|t:|1750809033
|start
|switch|p1a: Koraidon|Koraidon, L50|100/100
|switch|p1b: Armarouge|Armarouge, L50, M|100/100
|switch|p2a: Lunala|Lunala, L50|100/100
|switch|p2b: Sylveon|Sylveon, L50, M, shiny|100/100
|-weather|SunnyDay|[from] ability: Orichalcum Pulse|[of] p1a: Koraidon
|-activate|p1a: Koraidon|Orichalcum Pulse|[source]
|turn|1
|
|t:|1750809049
|-terastallize|p1b: Armarouge|Psychic
|move|p2b: Sylveon|Detect|p2b: Sylveon
|-singleturn|p2b: Sylveon|Protect
|move|p1a: Koraidon|U-turn|p1b: Armarouge
|-supereffective|p1b: Armarouge
|-damage|p1b: Armarouge|33/100
|-ability|p1b: Armarouge|Weak Armor|boost
|-unboost|p1b: Armarouge|def|1
|-boost|p1b: Armarouge|spe|2
|-enditem|p1b: Armarouge|Weakness Policy
|-boost|p1b: Armarouge|atk|2|[from] item: Weakness Policy
|-boost|p1b: Armarouge|spa|2|[from] item: Weakness Policy
|
|t:|1750809060
|switch|p1a: Indeedee|Indeedee-F, L50, F|100/100|[from] U-turn
|-fieldstart|move: Psychic Terrain|[from] ability: Psychic Surge|[of] p1a: Indeedee
|-enditem|p1a: Indeedee|Psychic Seed
|-boost|p1a: Indeedee|spd|1|[from] item: Psychic Seed
|move|p1b: Armarouge|Expanding Force|p2a: Lunala|[spread] p2a
|-activate|p2b: Sylveon|move: Protect
|-resisted|p2a: Lunala
|-damage|p2a: Lunala|69/100
|move|p2a: Lunala|Moongeist Beam|p1b: Armarouge
|-supereffective|p1b: Armarouge
|-damage|p1b: Armarouge|0 fnt
|faint|p1b: Armarouge
|
|-weather|SunnyDay|[upkeep]
|upkeep
|
|t:|1750809077
|switch|p1b: Calyrex|Calyrex-Shadow, L50|100/100
|-ability|p1b: Calyrex|As One
|-ability|p1b: Calyrex|Unnerve
|turn|2
|
|t:|1750809085
|move|p2a: Lunala|Wide Guard|p2a: Lunala
|-singleturn|p2a: Lunala|Wide Guard
|move|p1b: Calyrex|Astral Barrage|p2b: Sylveon|[spread] 
|-activate|p2a: Lunala|move: Wide Guard
|-activate|p2b: Sylveon|move: Wide Guard
|move|p1a: Indeedee|Imprison|p1a: Indeedee
|-start|p1a: Indeedee|move: Imprison
|move|p2b: Sylveon|Hyper Voice|p1a: Indeedee|[spread] p1a,p1b
|-damage|p1a: Indeedee|75/100
|-damage|p1b: Calyrex|55/100
|
|-weather|SunnyDay|[upkeep]
|upkeep
|turn|3
|
|t:|1750809105
|move|p1a: Indeedee|Helping Hand|p1b: Calyrex
|-singleturn|p1b: Calyrex|Helping Hand|[of] p1a: Indeedee
|move|p2a: Lunala|Wide Guard|p2a: Lunala
|-singleturn|p2a: Lunala|Wide Guard
|move|p1b: Calyrex|Draining Kiss|p2a: Lunala
|-damage|p2a: Lunala|46/100
|-heal|p1b: Calyrex|77/100|[from] drain|[of] p2a: Lunala
|move|p2b: Sylveon|Hyper Voice|p1a: Indeedee|[spread] p1a,p1b
|-damage|p1a: Indeedee|50/100
|-damage|p1b: Calyrex|31/100
|
|-weather|SunnyDay|[upkeep]
|upkeep
|turn|4
|-message|BRdilas forfeited.
|
|win|quagzacian
|raw|BRdilas's rating: 1426 &rarr; <strong>1408</strong><br />(-18 for losing)
|raw|quagzacian's rating: 1468 &rarr; <strong>1486</strong><br />(+18 for winning)
|l|☆BRdilas
|player|p1|
