|j|☆sandslash666
|j|☆Capsubaru
|t:|1750721171
|gametype|doubles
|player|p1|sandslash666|ghetsis|1210
|player|p2|Capsubaru|colress|1152
|teamsize|p1|6
|teamsize|p2|6
|gen|9
|tier|[Gen 9] VGC 2025 Reg I
|rated|
|rule|Species Clause: Limit one of each Pokémon
|rule|Item Clause: Limit 1 of each item
|clearpoke
|poke|p1|Hydreigon, L50, M|
|poke|p1|Calyrex-Ice, L50|
|poke|p1|Urshifu-*, L50, M|
|poke|p1|Chi-Yu, L50|
|poke|p1|Lunala, L50|
|poke|p1|Amoonguss, L50, M|
|poke|p2|Koraidon, L50|
|poke|p2|Scovillain, L50, M|
|poke|p2|Flutter Mane, L50|
|poke|p2|Miraidon, L50|
|poke|p2|Grimmsnarl, L50, M|
|poke|p2|Clefairy, L50, M|
|teampreview|4
|inactive|Battle timer is ON: inactive players will automatically lose when time's up. (requested by Capsubaru)
|inactive|Capsubaru has 60 seconds left.
|
|t:|1750721214
|start
|switch|p1a: Chi-Yu|Chi-Yu, L50|100/100
|switch|p1b: Hydreigon|Hydreigon, L50, M, shiny|100/100
|switch|p2a: Koraidon|Koraidon, L50|100/100
|switch|p2b: Flutter Mane|Flutter Mane, L50|100/100
|-ability|p1a: Chi-Yu|Beads of Ruin
|-weather|SunnyDay|[from] ability: Orichalcum Pulse|[of] p2a: Koraidon
|-activate|p2b: Flutter Mane|ability: Protosynthesis
|-start|p2b: Flutter Mane|protosynthesisspe
|-activate|p2a: Koraidon|Orichalcum Pulse|[source]
|turn|1
|inactive|sandslash666 has 30 seconds left.
|inactive|Capsubaru has 30 seconds left.
|inactive|sandslash666 has 20 seconds left.
|
|t:|1750721254
|switch|p1b: Amoonguss|Amoonguss, L50, M, shiny|100/100
|-terastallize|p1a: Chi-Yu|Fire
|move|p2b: Flutter Mane|Dazzling Gleam|p1b: Amoonguss|[spread] p1a,p1b
|-resisted|p1a: Chi-Yu
|-resisted|p1b: Amoonguss
|-damage|p1a: Chi-Yu|85/100
|-damage|p1b: Amoonguss|83/100
|move|p1a: Chi-Yu|Overheat|p2a: Koraidon
|-resisted|p2a: Koraidon
|-damage|p2a: Koraidon|1/100
|-unboost|p1a: Chi-Yu|spa|2
|move|p2a: Koraidon|Close Combat|p1a: Chi-Yu
|-damage|p1a: Chi-Yu|0 fnt
|-unboost|p2a: Koraidon|def|1
|-unboost|p2a: Koraidon|spd|1
|faint|p1a: Chi-Yu
|
|-weather|SunnyDay|[upkeep]
|upkeep
|
|t:|1750721278
|switch|p1a: Hydreigon|Hydreigon, L50, M, shiny|100/100
|turn|2
|
|t:|1750721286
|move|p1b: Amoonguss|Rage Powder|p1b: Amoonguss
|-singleturn|p1b: Amoonguss|move: Rage Powder
|move|p2b: Flutter Mane|Dazzling Gleam|p1b: Amoonguss|[spread] p1a,p1b
|-supereffective|p1a: Hydreigon
|-resisted|p1b: Amoonguss
|-damage|p1a: Hydreigon|0 fnt
|-damage|p1b: Amoonguss|70/100
|faint|p1a: Hydreigon
|move|p2a: Koraidon|Flare Blitz|p1b: Amoonguss
|-supereffective|p1b: Amoonguss
|-damage|p1b: Amoonguss|0 fnt
|-damage|p2a: Koraidon|0 fnt|[from] item: Rocky Helmet|[of] p1b: Amoonguss
|faint|p1b: Amoonguss
|faint|p2a: Koraidon
|
|-weather|SunnyDay|[upkeep]
|upkeep
|
|t:|1750721300
|switch|p2a: Miraidon|Miraidon, L50|100/100
|switch|p1a: Calyrex|Calyrex-Ice, L50|100/100
|-ability|p1a: Calyrex|As One
|-ability|p1a: Calyrex|Unnerve
|-fieldstart|move: Electric Terrain|[from] ability: Hadron Engine|[of] p2a: Miraidon
|turn|3
|
|t:|1750721312
|-terastallize|p2b: Flutter Mane|Fairy
|move|p2b: Flutter Mane|Moonblast|p1a: Calyrex
|-damage|p1a: Calyrex|63/100
|move|p2a: Miraidon|Draco Meteor|p1a: Calyrex
|-damage|p1a: Calyrex|4/100
|-unboost|p2a: Miraidon|spa|2
|move|p1a: Calyrex|Glacial Lance|p2a: Miraidon|[spread] p2a,p2b
|-supereffective|p2a: Miraidon
|-damage|p2a: Miraidon|0 fnt
|-damage|p2b: Flutter Mane|2/100
|faint|p2a: Miraidon
|-ability|p1a: Calyrex|Chilling Neigh|boost
|-boost|p1a: Calyrex|atk|1
|
|-weather|SunnyDay|[upkeep]
|upkeep
|
|t:|1750721329
|switch|p2a: Clefairy|Clefairy, L50, M|100/100
|turn|4
|
|t:|1750721339
|move|p2b: Flutter Mane|Moonblast|p1a: Calyrex
|-damage|p1a: Calyrex|0 fnt
|faint|p1a: Calyrex
|
|win|Capsubaru
|raw|sandslash666's rating: 1210 &rarr; <strong>1181</strong><br />(-29 for losing)
|raw|Capsubaru's rating: 1152 &rarr; <strong>1181</strong><br />(+29 for winning)
|l|☆Capsubaru
|player|p2|
