|j|☆lmaoezgaming
|j|☆clockworkmango
|t:|1750832502
|gametype|doubles
|player|p1|lmaoezgaming|hilbert-wonderlauncher|1308
|player|p2|clockworkmango|burglar|1304
|teamsize|p1|6
|teamsize|p2|6
|gen|9
|tier|[Gen 9] VGC 2025 Reg I
|rated|
|rule|Species Clause: Limit one of each Pokémon
|rule|Item Clause: Limit 1 of each item
|clearpoke
|poke|p1|Calyrex-Ice, L50|
|poke|p1|Miraidon, L50|
|poke|p1|Farigiraf, L50, F|
|poke|p1|Incineroar, L50, M|
|poke|p1|Urshifu-*, L50, F|
|poke|p1|Landorus, L50, M|
|poke|p2|Kyogre, L50|
|poke|p2|Basculegion, L50, M|
|poke|p2|Calyrex-Ice, L50|
|poke|p2|Scraggy, L50, F|
|poke|p2|Rhyperior, L50, F|
|poke|p2|Ogerpon, L50, F|
|teampreview|4
|inactive|Battle timer is ON: inactive players will automatically lose when time's up. (requested by lmaoezgaming)
|
|t:|1750832542
|start
|switch|p1a: Miraidon|Miraidon, L50|100/100
|switch|p1b: Incineroar|Incineroar, L50, M|100/100
|switch|p2a: Kyogre|Kyogre, L50|100/100
|switch|p2b: Ogerpon|Ogerpon, L50, F|100/100
|-weather|RainDance|[from] ability: Drizzle|[of] p2a: Kyogre
|-fieldstart|move: Electric Terrain|[from] ability: Hadron Engine|[of] p1a: Miraidon
|-ability|p1b: Incineroar|Intimidate|boost
|-unboost|p2a: Kyogre|atk|1
|-unboost|p2b: Ogerpon|atk|1
|-ability|p2b: Ogerpon|Defiant|boost
|-boost|p2b: Ogerpon|atk|2
|turn|1
|inactive|lmaoezgaming has 30 seconds left.
|inactive|clockworkmango has 30 seconds left.
|
|t:|1750832571
|move|p2b: Ogerpon|Follow Me|p2b: Ogerpon
|-singleturn|p2b: Ogerpon|move: Follow Me
|move|p2a: Kyogre|Water Spout|p1a: Miraidon|[spread] p1a,p1b
|-resisted|p1a: Miraidon
|-supereffective|p1b: Incineroar
|-damage|p1a: Miraidon|48/100
|-damage|p1b: Incineroar|0 fnt
|faint|p1b: Incineroar
|move|p1a: Miraidon|Volt Switch|p2b: Ogerpon
|-resisted|p2b: Ogerpon
|-damage|p2b: Ogerpon|63/100
|
|t:|1750832581
|switch|p1a: Urshifu|Urshifu-Rapid-Strike, L50, F|100/100|[from] Volt Switch
|
|-weather|RainDance|[upkeep]
|upkeep
|
|t:|1750832585
|switch|p1b: Miraidon|Miraidon, L50|48/100
|-activate|p1b: Miraidon|ability: Hadron Engine
|turn|2
|inactive|lmaoezgaming has 30 seconds left.
|
|t:|1750832610
|-terastallize|p1b: Miraidon|Fairy
|-terastallize|p2b: Ogerpon|Grass
|detailschange|p2b: Ogerpon|Ogerpon-Teal-Tera, L50, F, tera:Grass
|-ability|p2b: Ogerpon|Embody Aspect (Teal)|boost
|-boost|p2b: Ogerpon|spe|1
|move|p2b: Ogerpon|Ivy Cudgel|p1a: Urshifu
|-supereffective|p1a: Urshifu
|-enditem|p1a: Urshifu|Focus Sash
|-damage|p1a: Urshifu|1/100
|move|p2a: Kyogre|Water Spout|p1b: Miraidon|[spread] p1a,p1b
|-resisted|p1a: Urshifu
|-damage|p1a: Urshifu|0 fnt
|-damage|p1b: Miraidon|0 fnt
|faint|p1a: Urshifu
|faint|p1b: Miraidon
|
|-weather|RainDance|[upkeep]
|upkeep
|
|t:|1750832626
|switch|p1a: Calyrex|Calyrex-Ice, L50|100/100
|-ability|p1a: Calyrex|As One
|-ability|p1a: Calyrex|Unnerve
|turn|3
|-message|lmaoezgaming forfeited.
|
|win|clockworkmango
|raw|lmaoezgaming's rating: 1308 &rarr; <strong>1288</strong><br />(-20 for losing)
|raw|clockworkmango's rating: 1304 &rarr; <strong>1324</strong><br />(+20 for winning)
|l|☆lmaoezgaming
|player|p1|
|l|☆clockworkmango
|player|p2|
