|j|☆Utdaxtuaxfu
|j|☆kal32
|t:|1750874316
|gametype|doubles
|player|p1|Utdaxtuaxfu|265|1042
|player|p2|kal32|cynthia|1094
|teamsize|p1|6
|teamsize|p2|6
|gen|9
|tier|[Gen 9] VGC 2025 Reg I
|rated|
|rule|Species Clause: Limit one of each Pokémon
|rule|Item Clause: Limit 1 of each item
|clearpoke
|poke|p1|Reshiram, L50|
|poke|p1|Zekrom, L50|
|poke|p1|Incineroar, L50, F|
|poke|p1|Urshifu-*, L50, M|
|poke|p1|Ogerpon-Wellspring, L50, F|
|poke|p1|Flutter Mane, L50|
|poke|p2|Incineroar, L50, F|
|poke|p2|Rillaboom, L50, M|
|poke|p2|Miraidon, L50|
|poke|p2|Ogerpon-Wellspring, L50, F|
|poke|p2|Lunala, L50|
|poke|p2|Flutter Mane, L50|
|teampreview|4
Utdaxtuaxfu rejected open team sheets.
|
|t:|1750874344
|start
|switch|p1a: Fraud 1|Reshiram, L50|100/100
|switch|p1b: Fraud 2|Zekrom, L50|100/100
|switch|p2a: Flutter Mane|Flutter Mane, L50|100/100
|switch|p2b: Incineroar|Incineroar, L50, F|100/100
|-ability|p1a: Fraud 1|Turboblaze
|-ability|p1b: Fraud 2|Teravolt
|-ability|p2b: Incineroar|Intimidate|boost
|-unboost|p1a: Fraud 1|atk|1
|-fail|p1b: Fraud 2|unboost|[from] item: Clear Amulet|[of] p1b: Fraud 2
|turn|1
|
|t:|1750874366
|-terastallize|p2a: Flutter Mane|Fairy
|move|p1b: Fraud 2|Protect|p1b: Fraud 2
|-singleturn|p1b: Fraud 2|Protect
|move|p2b: Incineroar|Fake Out|p1b: Fraud 2
|-activate|p1b: Fraud 2|move: Protect
|move|p2a: Flutter Mane|Dazzling Gleam|p1b: Fraud 2|[spread] p1a
|-activate|p1b: Fraud 2|move: Protect
|-damage|p1a: Fraud 1|64/100
|move|p1a: Fraud 1|Scorching Sands|p2b: Incineroar
|-supereffective|p2b: Incineroar
|-damage|p2b: Incineroar|46/100
|
|upkeep
|turn|2
|
|t:|1750874382
|switch|p2b: Miraidon|Miraidon, L50|100/100
|-fieldstart|move: Electric Terrain|[from] ability: Hadron Engine|[of] p2b: Miraidon
|-terastallize|p1b: Fraud 2|Flying
|move|p2a: Flutter Mane|Dazzling Gleam|p1a: Fraud 1|[spread] p1a,p1b
|-damage|p1a: Fraud 1|30/100
|-damage|p1b: Fraud 2|39/100
|move|p1b: Fraud 2|Fusion Bolt|p2a: Flutter Mane
|-damage|p2a: Flutter Mane|0 fnt
|faint|p2a: Flutter Mane
|-end|p2a: Flutter Mane|Protosynthesis|[silent]
|move|p1a: Fraud 1|Fusion Flare|p2b: Miraidon
|-resisted|p2b: Miraidon
|-damage|p2b: Miraidon|50/100
|
|upkeep
|
|t:|1750874396
|switch|p2a: Ogerpon|Ogerpon-Wellspring, L50, F|100/100
|turn|3
|
|t:|1750874410
|move|p1b: Fraud 2|Protect|p1b: Fraud 2
|-singleturn|p1b: Fraud 2|Protect
|move|p2a: Ogerpon|Spiky Shield|p2a: Ogerpon
|-singleturn|p2a: Ogerpon|move: Protect
|move|p2b: Miraidon|Electro Drift|p1a: Fraud 1
|-resisted|p1a: Fraud 1
|-damage|p1a: Fraud 1|3/100
|move|p1a: Fraud 1|Dragon Pulse|p2b: Miraidon
|-supereffective|p2b: Miraidon
|-damage|p2b: Miraidon|0 fnt
|faint|p2b: Miraidon
|
|upkeep
|-message|kal32 forfeited.
|
|win|Utdaxtuaxfu
|raw|Utdaxtuaxfu's rating: 1042 &rarr; <strong>1081</strong><br />(+39 for winning)
|raw|kal32's rating: 1094 &rarr; <strong>1066</strong><br />(-28 for losing)
|l|☆kal32
|player|p2|
