|j|☆MorrisPXG456
|j|☆Tepig_nNz_498
|t:|1750836002
|gametype|doubles
|player|p1|MorrisPXG456|colress|1552
|player|p2|Tepig_nNz_498|102|1493
|teamsize|p1|6
|teamsize|p2|6
|gen|9
|tier|[Gen 9] VGC 2025 Reg I
|rated|
|rule|Species Clause: Limit one of each Pokémon
|rule|Item Clause: Limit 1 of each item
|clearpoke
|poke|p1|Miraidon, L50|
|poke|p1|Kyogre, L50|
|poke|p1|Tornadus, L50, M|
|poke|p1|Urshifu-*, L50, F|
|poke|p1|Landorus, L50, M|
|poke|p1|Grimmsnarl, L50, M|
|poke|p2|Ludicolo, L50, M|
|poke|p2|Kyogre, L50|
|poke|p2|Tornadus, L50, M|
|poke|p2|Primarina, L50, F|
|poke|p2|Zacian-*, L50|
|poke|p2|Urshifu-*, L50, M|
|teampreview|4
|
|t:|1750836022
|start
|switch|p1a: Stormborn|Tornadus, L50, M|100/100
|switch|p1b: Kasandra|Urshifu-Rapid-Strike, L50, F|100/100
|switch|p2a: Tornadus|Tornadus, L50, M|100/100
|switch|p2b: Zacian|Zacian-Crowned, L50, shiny|100/100
|-ability|p2b: Zacian|Intrepid Sword|boost
|-boost|p2b: Zacian|atk|1
|turn|1
|
|t:|1750836033
|-terastallize|p1b: Kasandra|Water
|move|p2a: Tornadus|Tailwind|p2a: Tornadus
|-sidestart|p2: Tepig_nNz_498|move: Tailwind
|move|p1a: Stormborn|Tailwind|p1a: Stormborn
|-sidestart|p1: MorrisPXG456|move: Tailwind
|move|p1b: Kasandra|Surging Strikes|p2a: Tornadus
|-crit|p2a: Tornadus
|-damage|p2a: Tornadus|54/100
|-crit|p2a: Tornadus
|-damage|p2a: Tornadus|6/100
|-crit|p2a: Tornadus
|-damage|p2a: Tornadus|0 fnt
|faint|p2a: Tornadus
|-hitcount|p2: Tornadus|3
|move|p2b: Zacian|Wild Charge|p1a: Stormborn
|-supereffective|p1a: Stormborn
|-damage|p1a: Stormborn|0 fnt
|faint|p1a: Stormborn
|-damage|p2b: Zacian|76/100|[from] Recoil
|
|upkeep
|inactive|Battle timer is ON: inactive players will automatically lose when time's up. (requested by Tepig_nNz_498)
|
|t:|1750836052
|switch|p1a: Azure Dragon|Miraidon, L50|100/100
|switch|p2a: Kyogre|Kyogre, L50|100/100
|-fieldstart|move: Electric Terrain|[from] ability: Hadron Engine|[of] p1a: Azure Dragon
|-weather|RainDance|[from] ability: Drizzle|[of] p2a: Kyogre
|turn|2
|
|t:|1750836062
|move|p1b: Kasandra|Surging Strikes|p2b: Zacian
|-crit|p2b: Zacian
|-damage|p2b: Zacian|35/100
|-crit|p2b: Zacian
|-damage|p2b: Zacian|0 fnt
|faint|p2b: Zacian
|-hitcount|p2: Zacian|2
|move|p1a: Azure Dragon|Draco Meteor|p2a: Kyogre|[miss]
|-miss|p1a: Azure Dragon|p2a: Kyogre
|move|p2a: Kyogre|Thunder|p1b: Kasandra
|-supereffective|p1b: Kasandra
|-damage|p1b: Kasandra|0 fnt
|faint|p1b: Kasandra
|-damage|p2a: Kyogre|91/100|[from] item: Life Orb
|
|-weather|RainDance|[upkeep]
|upkeep
|
|t:|1750836071
|switch|p2b: Urshifu|Urshifu-Rapid-Strike, L50, M|100/100
|switch|p1b: feedtheorca|Kyogre, L50|100/100
|turn|3
|
|t:|1750836084
|-terastallize|p2a: Kyogre|Grass
|move|p2b: Urshifu|Ice Spinner|p1a: Azure Dragon
|-supereffective|p1a: Azure Dragon
|-crit|p1a: Azure Dragon
|-damage|p1a: Azure Dragon|3/100
|-fieldend|move: Electric Terrain
|move|p1a: Azure Dragon|Draco Meteor|p2a: Kyogre
|-damage|p2a: Kyogre|1/100
|-unboost|p1a: Azure Dragon|spa|2
|move|p2a: Kyogre|Thunder|p1b: feedtheorca
|-supereffective|p1b: feedtheorca
|-damage|p1b: feedtheorca|35/100
|-damage|p2a: Kyogre|0 fnt|[from] item: Life Orb
|faint|p2a: Kyogre
|move|p1b: feedtheorca|Origin Pulse|p2b: Urshifu
|-resisted|p2b: Urshifu
|-damage|p2b: Urshifu|9/100
|
|-weather|RainDance|[upkeep]
|upkeep
|turn|4
|
|t:|1750836100
|move|p2b: Urshifu|Ice Spinner|p1a: Azure Dragon
|-supereffective|p1a: Azure Dragon
|-damage|p1a: Azure Dragon|0 fnt
|faint|p1a: Azure Dragon
|move|p1b: feedtheorca|Ice Beam|p2b: Urshifu
|-resisted|p2b: Urshifu
|-damage|p2b: Urshifu|0 fnt
|faint|p2b: Urshifu
|
|win|MorrisPXG456
|raw|MorrisPXG456's rating: 1552 &rarr; <strong>1569</strong><br />(+17 for winning)
|raw|Tepig_nNz_498's rating: 1493 &rarr; <strong>1476</strong><br />(-17 for losing)
|l|☆Tepig_nNz_498
|player|p2|
