|j|☆cuatro17
|j|☆Flatbread42
|t:|1750819159
|gametype|doubles
|player|p1|cuatro17|265|1408
|player|p2|Flatbread42|102|1335
|teamsize|p1|6
|teamsize|p2|6
|gen|9
|tier|[Gen 9] VGC 2025 Reg I
|rated|
|rule|Species Clause: Limit one of each Pokémon
|rule|Item Clause: Limit 1 of each item
|clearpoke
|poke|p1|Miraidon, L50|
|poke|p1|Calyrex-Ice, L50|
|poke|p1|Grimmsnarl, L50, M|
|poke|p1|Volcarona, L50, M|
|poke|p1|Iron Hands, L50|
|poke|p1|Glimmora, L50, M|
|poke|p2|Miraidon, L50|
|poke|p2|Ogerpon-Hearthflame, L50, F|
|poke|p2|Urshifu-*, L50, F|
|poke|p2|Iron Hands, L50|
|poke|p2|Whimsicott, L50, F|
|poke|p2|Calyrex-Ice, L50|
|teampreview|4
Flatbread42 has agreed to open team sheets.
|inactive|Battle timer is ON: inactive players will automatically lose when time's up. (requested by Flatbread42)
|inactive|Flatbread42 has 60 seconds left.
|
|t:|1750819197
|start
|switch|p1a: Volcarona|Volcarona, L50, M|100/100
|switch|p1b: Glimmora|Glimmora, L50, M|100/100
|switch|p2a: Urshifu|Urshifu-Rapid-Strike, L50, F|100/100
|switch|p2b: Ogerpon|Ogerpon-Hearthflame, L50, F|100/100
|-ability|p2b: Ogerpon|Mold Breaker
|turn|1
|
|t:|1750819220
|-terastallize|p1a: Volcarona|Dragon
|move|p2b: Ogerpon|Spiky Shield|p2b: Ogerpon
|-singleturn|p2b: Ogerpon|move: Protect
|move|p2a: Urshifu|Detect|p2a: Urshifu
|-singleturn|p2a: Urshifu|Protect
|move|p1a: Volcarona|Quiver Dance|p1a: Volcarona
|-boost|p1a: Volcarona|spa|1
|-boost|p1a: Volcarona|spd|1
|-boost|p1a: Volcarona|spe|1
|move|p1b: Glimmora|Sludge Bomb|p2a: Urshifu
|-activate|p2a: Urshifu|move: Protect
|
|upkeep
|turn|2
|inactive|Flatbread42 has 30 seconds left.
|
|t:|1750819246
|-terastallize|p2b: Ogerpon|Fire
|detailschange|p2b: Ogerpon|Ogerpon-Hearthflame-Tera, L50, F, tera:Fire
|-ability|p2b: Ogerpon|Embody Aspect (Hearthflame)|boost
|-boost|p2b: Ogerpon|atk|1
|move|p2b: Ogerpon|Follow Me|p2b: Ogerpon
|-singleturn|p2b: Ogerpon|move: Follow Me
|move|p1a: Volcarona|Struggle Bug|p2b: Ogerpon|[spread] p2a,p2b
|-resisted|p2a: Urshifu
|-resisted|p2b: Ogerpon
|-damage|p2a: Urshifu|81/100
|-damage|p2b: Ogerpon|87/100
|-unboost|p2a: Urshifu|spa|1
|-unboost|p2b: Ogerpon|spa|1
|move|p2a: Urshifu|Close Combat|p1a: Volcarona
|-damage|p1a: Volcarona|20/100
|-unboost|p2a: Urshifu|def|1
|-unboost|p2a: Urshifu|spd|1
|-enditem|p1a: Volcarona|Sitrus Berry|[eat]
|-heal|p1a: Volcarona|45/100|[from] item: Sitrus Berry
|move|p1b: Glimmora|Sludge Bomb|p2b: Ogerpon
|-damage|p2b: Ogerpon|37/100
|-status|p2b: Ogerpon|psn
|
|-damage|p2b: Ogerpon|25/100 psn|[from] psn
|upkeep
|turn|3
|inactive|cuatro17 has 30 seconds left.
|
|t:|1750819278
|move|p2b: Ogerpon|Follow Me|p2b: Ogerpon
|-singleturn|p2b: Ogerpon|move: Follow Me
|move|p1a: Volcarona|Struggle Bug|p2b: Ogerpon|[spread] p2a,p2b
|-resisted|p2a: Urshifu
|-resisted|p2b: Ogerpon
|-damage|p2a: Urshifu|53/100
|-damage|p2b: Ogerpon|10/100 psn
|-unboost|p2a: Urshifu|spa|1
|-unboost|p2b: Ogerpon|spa|1
|move|p2a: Urshifu|Close Combat|p1a: Volcarona
|-damage|p1a: Volcarona|0 fnt
|-unboost|p2a: Urshifu|def|1
|-unboost|p2a: Urshifu|spd|1
|faint|p1a: Volcarona
|move|p1b: Glimmora|Sludge Bomb|p2b: Ogerpon
|-damage|p2b: Ogerpon|0 fnt
|faint|p2b: Ogerpon
|detailschange|p2: Ogerpon|Ogerpon-Hearthflame, L50, F|[silent]
|
|upkeep
|
|t:|1750819295
|switch|p2b: Miraidon|Miraidon, L50|100/100
|switch|p1a: Miraidon|Miraidon, L50|100/100
|-fieldstart|move: Electric Terrain|[from] ability: Hadron Engine|[of] p2b: Miraidon
|-activate|p1a: Miraidon|ability: Hadron Engine
|turn|4
|
|t:|1750819315
|move|p2b: Miraidon|Draco Meteor|p1a: Miraidon
|-supereffective|p1a: Miraidon
|-damage|p1a: Miraidon|0 fnt
|-unboost|p2b: Miraidon|spa|2
|faint|p1a: Miraidon
|-damage|p2b: Miraidon|91/100|[from] item: Life Orb
|move|p2a: Urshifu|Surging Strikes|p1b: Glimmora
|-supereffective|p1b: Glimmora
|-crit|p1b: Glimmora
|-damage|p1b: Glimmora|40/100
|-activate|p1b: Glimmora|ability: Toxic Debris
|-sidestart|p2: Flatbread42|move: Toxic Spikes
|-supereffective|p1b: Glimmora
|-crit|p1b: Glimmora
|-damage|p1b: Glimmora|0 fnt
|-activate|p1b: Glimmora|ability: Toxic Debris
|-sidestart|p2: Flatbread42|move: Toxic Spikes
|faint|p1b: Glimmora
|-hitcount|p1: Glimmora|2
|
|upkeep
|-message|cuatro17 forfeited.
|
|win|Flatbread42
|raw|cuatro17's rating: 1408 &rarr; <strong>1384</strong><br />(-24 for losing)
|raw|Flatbread42's rating: 1335 &rarr; <strong>1359</strong><br />(+24 for winning)
|l|☆cuatro17
|player|p1|
|l|☆Flatbread42
|player|p2|
