|j|☆Inferno prodigy
|j|☆ComputerYui
|t:|1750814255
|gametype|doubles
|player|p1|Inferno prodigy|102|1542
|player|p2|ComputerYui|artist-gen4|1564
|teamsize|p1|6
|teamsize|p2|6
|gen|9
|tier|[Gen 9] VGC 2025 Reg I
|rated|
|rule|Species Clause: Limit one of each Pokémon
|rule|Item Clause: Limit 1 of each item
|clearpoke
|poke|p1|Kyogre, L50|
|poke|p1|Calyrex-Ice, L50|
|poke|p1|Urshifu-*, L50, M|
|poke|p1|Amoonguss, L50, M|
|poke|p1|Iron Jugulis, L50|
|poke|p1|Rillaboom, L50, M|
|poke|p2|Armarouge, L50, M|
|poke|p2|Indeedee-F, L50, F|
|poke|p2|Koraidon, L50|
|poke|p2|Whimsicott, L50, F|
|poke|p2|Brute Bonnet, L50|
|poke|p2|Palkia-Origin, L50|
|teampreview|4
|
|t:|1750814286
|start
|switch|p1a: Calyrex|Calyrex-Ice, L50|100/100
|switch|p1b: Urshifu|Urshifu-Rapid-Strike, L50, M|100/100
|switch|p2a: Palkia|Palkia-Origin, L50, shiny|100/100
|switch|p2b: Indeedee|Indeedee-F, L50, F, shiny|100/100
|-ability|p1a: Calyrex|As One
|-ability|p1a: Calyrex|Unnerve
|-fieldstart|move: Psychic Terrain|[from] ability: Psychic Surge|[of] p2b: Indeedee
|turn|1
|
|t:|1750814304
|switch|p1b: Rillaboom|Rillaboom, L50, M|100/100
|-fieldstart|move: Grassy Terrain|[from] ability: Grassy Surge|[of] p1b: Rillaboom
|switch|p2b: Koraidon|Koraidon, L50|100/100
|-weather|SunnyDay|[from] ability: Orichalcum Pulse|[of] p2b: Koraidon
|-activate|p2b: Koraidon|Orichalcum Pulse|[source]
|-terastallize|p2a: Palkia|Fire
|move|p2a: Palkia|Flamethrower|p1a: Calyrex
|-supereffective|p1a: Calyrex
|-damage|p1a: Calyrex|1/100
|move|p1a: Calyrex|Glacial Lance|p2b: Koraidon|[spread] p2a,p2b
|-resisted|p2a: Palkia
|-supereffective|p2b: Koraidon
|-damage|p2a: Palkia|68/100
|-damage|p2b: Koraidon|0 fnt
|faint|p2b: Koraidon
|-ability|p1a: Calyrex|Chilling Neigh|boost
|-boost|p1a: Calyrex|atk|1
|
|-weather|SunnyDay|[upkeep]
|-heal|p2a: Palkia|73/100|[from] Grassy Terrain
|-heal|p1a: Calyrex|7/100|[from] Grassy Terrain
|upkeep
|j| joli.sv
|j| Masque de Onryo
|
|t:|1750814329
|switch|p2b: Armarouge|Armarouge, L50, M, shiny|100/100
|turn|2
|
|t:|1750814346
|switch|p1a: Kyogre|Kyogre, L50|100/100
|-weather|RainDance|[from] ability: Drizzle|[of] p1a: Kyogre
|move|p2a: Palkia|Liquidation|p2b: Armarouge
|-supereffective|p2b: Armarouge
|-damage|p2b: Armarouge|0 fnt
|faint|p2b: Armarouge
|move|p1b: Rillaboom|U-turn|p2a: Palkia
|-resisted|p2a: Palkia
|-crit|p2a: Palkia
|-damage|p2a: Palkia|56/100
|
|t:|1750814356
|switch|p1b: Calyrex|Calyrex-Ice, L50|7/100|[from] U-turn
|-ability|p1b: Calyrex|As One
|-ability|p1b: Calyrex|Unnerve
|
|-weather|RainDance|[upkeep]
|-heal|p2a: Palkia|62/100|[from] Grassy Terrain
|-heal|p1b: Calyrex|13/100|[from] Grassy Terrain
|upkeep
|-message|ComputerYui forfeited.
|
|win|Inferno prodigy
|raw|Inferno prodigy's rating: 1556 &rarr; <strong>1576</strong><br />(+20 for winning)
|raw|ComputerYui's rating: 1564 &rarr; <strong>1544</strong><br />(-20 for losing)
|l|☆ComputerYui
|player|p2|
|l|☆Inferno prodigy
|player|p1|
|l| joli.sv
