|j|☆AussieGameboy
|j|☆CoolCarrot
|t:|1750734524
|gametype|doubles
|player|p1|AussieGameboy|102|1232
|player|p2|CoolCarrot|caitlin|1136
|teamsize|p1|6
|teamsize|p2|6
|gen|9
|tier|[Gen 9] VGC 2025 Reg I
|rated|
|rule|Species Clause: Limit one of each Pokémon
|rule|Item Clause: Limit 1 of each item
|clearpoke
|poke|p1|Annihilape, L50, M|
|poke|p1|Farigiraf, L50, M|
|poke|p1|Calyrex-Ice, L50|
|poke|p1|Sableye, L50, F|
|poke|p1|Kyogre, L50|
|poke|p1|Gholdengo, L50|
|poke|p2|Iron Hands, L50|
|poke|p2|Groudon, L50|
|poke|p2|Rillaboom, L50, F|
|poke|p2|Whimsicott, L50, M|
|poke|p2|Lunala, L50|
|poke|p2|Clefairy, L50, F|
|teampreview|4
AussieGameboy rejected open team sheets.
|inactive|Battle timer is ON: inactive players will automatically lose when time's up. (requested by AussieGameboy)
|
|t:|1750734561
|start
|switch|p1a: Annihilape|Annihilape, L50, M|100/100
|switch|p1b: Farigiraf|Farigiraf, L50, M|100/100
|switch|p2a: Whimsicott|Whimsicott, L50, M|100/100
|switch|p2b: Lunala|Lunala, L50|100/100
|turn|1
|
|t:|1750734583
|move|p2a: Whimsicott|Tailwind|p2a: Whimsicott
|-sidestart|p2: CoolCarrot|move: Tailwind
|move|p2b: Lunala|Moongeist Beam|p1b: Farigiraf
|-immune|p1b: Farigiraf
|move|p1a: Annihilape|Poison Jab|p2a: Whimsicott
|-supereffective|p2a: Whimsicott
|-damage|p2a: Whimsicott|0 fnt
|faint|p2a: Whimsicott
|move|p1b: Farigiraf|Trick Room|p1b: Farigiraf
|-fieldstart|move: Trick Room|[of] p1b: Farigiraf
|
|upkeep
|c|☆AussieGameboy|thsat was incredible value
|-message|CoolCarrot forfeited.
|
|win|AussieGameboy
|raw|AussieGameboy's rating: 1232 &rarr; <strong>1250</strong><br />(+18 for winning)
|raw|CoolCarrot's rating: 1136 &rarr; <strong>1118</strong><br />(-18 for losing)
|l|☆CoolCarrot
|player|p2|
