|j|☆RonChan24
|j|☆natsuki aoya
|t:|1750819072
|gametype|doubles
|player|p1|RonChan24|serena|1333
|player|p2|natsuki aoya|erika|1298
|teamsize|p1|6
|teamsize|p2|6
|gen|9
|tier|[Gen 9] VGC 2025 Reg I
|rated|
|rule|Species Clause: Limit one of each Pokémon
|rule|Item Clause: Limit 1 of each item
|clearpoke
|poke|p1|Miraidon, L50|
|poke|p1|Farigiraf, L50, M|
|poke|p1|Dialga, L50|
|poke|p1|Flutter Mane, L50|
|poke|p1|Grimmsnarl, L50, M|
|poke|p1|Landorus, L50, M|
|poke|p2|Calyrex-Ice, L50|
|poke|p2|Kyogre, L50|
|poke|p2|Whimsicott, L50, F|
|poke|p2|Tsareena, L50, F|
|poke|p2|Raging Bolt, L50|
|poke|p2|Swampert, L50, M|
|teampreview|4
|inactive|Battle timer is ON: inactive players will automatically lose when time's up. (requested by natsuki aoya)
|
|t:|1750819106
|start
|switch|p1a: Miraidon|Miraidon, L50|100/100
|switch|p1b: Dialga|Dialga, L50|100/100
|switch|p2a: Swampert|Swampert, L50, M|100/100
|switch|p2b: Whimsicott|Whimsicott, L50, F|100/100
|-fieldstart|move: Electric Terrain|[from] ability: Hadron Engine|[of] p1a: Miraidon
|turn|1
|
|t:|1750819122
|-terastallize|p1a: Miraidon|Electric
|move|p1a: Miraidon|Volt Switch|p2b: Whimsicott
|-resisted|p2b: Whimsicott
|-damage|p2b: Whimsicott|25/100
|
|t:|1750819143
|switch|p1a: Landorus|Landorus, L50, M|100/100|[from] Volt Switch
|move|p1b: Dialga|Draco Meteor|p2a: Swampert
|-damage|p2a: Swampert|3/100
|-unboost|p1b: Dialga|spa|2
|move|p2a: Swampert|High Horsepower|p1b: Dialga
|-supereffective|p1b: Dialga
|-damage|p1b: Dialga|15/100
|move|p2b: Whimsicott|Trick Room|p2b: Whimsicott
|-fieldstart|move: Trick Room|[of] p2b: Whimsicott
|
|upkeep
|turn|2
|inactive|natsuki aoya has 30 seconds left.
|
|t:|1750819169
|move|p1b: Dialga|Protect|p1b: Dialga
|-singleturn|p1b: Dialga|Protect
|move|p2b: Whimsicott|Encore|p1b: Dialga
|-activate|p1b: Dialga|move: Protect
|move|p2a: Swampert|Liquidation|p1a: Landorus
|-supereffective|p1a: Landorus
|-damage|p1a: Landorus|0 fnt
|faint|p1a: Landorus
|
|upkeep
|
|t:|1750819178
|switch|p1a: Grimmsnarl|Grimmsnarl, L50, M|100/100
|turn|3
|
|t:|1750819199
|switch|p2b: Calyrex|Calyrex-Ice, L50|100/100
|-ability|p2b: Calyrex|As One
|-ability|p2b: Calyrex|Unnerve
|move|p1a: Grimmsnarl|Reflect|p1a: Grimmsnarl
|-sidestart|p1: RonChan24|Reflect
|move|p2a: Swampert|Brick Break|p1b: Dialga
|-sideend|p1: RonChan24|Reflect
|-supereffective|p1b: Dialga
|-damage|p1b: Dialga|0 fnt
|faint|p1b: Dialga
|
|upkeep
|-message|RonChan24 forfeited.
|
|win|natsuki aoya
|raw|RonChan24's rating: 1333 &rarr; <strong>1311</strong><br />(-22 for losing)
|raw|natsuki aoya's rating: 1298 &rarr; <strong>1326</strong><br />(+28 for winning)
|l|☆RonChan24
|player|p1|
|l|☆natsuki aoya
|player|p2|
