|j|☆roykeenkennedy
|j|☆wudiace
|t:|1750840493
|gametype|doubles
|player|p1|roykeenkennedy|alder|1520
|player|p2|wudiace|101|1692
|teamsize|p1|6
|teamsize|p2|6
|gen|9
|tier|[Gen 9] VGC 2025 Reg I
|rated|
|rule|Species Clause: Limit one of each Pokémon
|rule|Item Clause: Limit 1 of each item
|clearpoke
|poke|p1|Ninetales-Alola, L50, M|
|poke|p1|Calyrex-Ice, L50|
|poke|p1|Miraidon, L50|
|poke|p1|Roaring Moon, L50|
|poke|p1|Annihilape, L50, M|
|poke|p1|Smeargle, L50, M|
|poke|p2|Koraidon, L50|
|poke|p2|Lunala, L50|
|poke|p2|Whimsicott, L50, F|
|poke|p2|Walking Wake, L50|
|poke|p2|Amoonguss, L50, M|
|poke|p2|Chi-Yu, L50|
|teampreview|4
|
|t:|1750840595
|start
|switch|p1a: Roaring Moon|Roaring Moon, L50|100/100
|switch|p1b: Ninetales|Ninetales-Alola, L50, M|100/100
|switch|p2a: Chi-Yu|Chi-Yu, L50|100/100
|switch|p2b: Lunala|Lunala, L50|100/100
|-weather|Snowscape|[from] ability: Snow Warning|[of] p1b: Ninetales
|-ability|p2a: Chi-Yu|Beads of Ruin
|-enditem|p1a: Roaring Moon|Booster Energy
|-activate|p1a: Roaring Moon|ability: Protosynthesis|[fromitem]
|-start|p1a: Roaring Moon|protosynthesisspe
|turn|1
|inactive|Battle timer is ON: inactive players will automatically lose when time's up. (requested by roykeenkennedy)
|
|t:|1750840644
|switch|p2a: Koraidon|Koraidon, L50|100/100
|-weather|SunnyDay|[from] ability: Orichalcum Pulse|[of] p2a: Koraidon
|-activate|p2a: Koraidon|Orichalcum Pulse|[source]
|-terastallize|p1b: Ninetales|Water
|-terastallize|p2b: Lunala|Fairy
|move|p1a: Roaring Moon|Knock Off|p2b: Lunala
|-resisted|p2b: Lunala
|-damage|p2b: Lunala|91/100
|-enditem|p2b: Lunala|Power Herb|[from] move: Knock Off|[of] p1a: Roaring Moon
|move|p1b: Ninetales|Icy Wind|p2b: Lunala|[spread] p2a,p2b
|-supereffective|p2a: Koraidon
|-damage|p2a: Koraidon|76/100
|-damage|p2b: Lunala|81/100
|-unboost|p2a: Koraidon|spe|1
|-unboost|p2b: Lunala|spe|1
|move|p2b: Lunala|Dazzling Gleam|p1b: Ninetales|[spread] p1a,p1b
|-supereffective|p1a: Roaring Moon
|-damage|p1a: Roaring Moon|0 fnt
|-damage|p1b: Ninetales|64/100
|faint|p1a: Roaring Moon
|-end|p1a: Roaring Moon|Protosynthesis|[silent]
|
|-weather|SunnyDay|[upkeep]
|upkeep
|inactive|roykeenkennedy has 30 seconds left.
|
|t:|1750840670
|switch|p1a: Miraidon|Miraidon, L50|100/100
|-fieldstart|move: Electric Terrain|[from] ability: Hadron Engine|[of] p1a: Miraidon
|turn|2
|
|t:|1750840681
|switch|p2a: Whimsicott|Whimsicott, L50, F|100/100
|move|p1b: Ninetales|Icy Wind|p2b: Lunala|[spread] p2a,p2b
|-supereffective|p2a: Whimsicott
|-damage|p2a: Whimsicott|63/100
|-damage|p2b: Lunala|73/100
|-unboost|p2a: Whimsicott|spe|1
|-unboost|p2b: Lunala|spe|1
|move|p1a: Miraidon|Electro Drift|p2b: Lunala
|-damage|p2b: Lunala|0 fnt
|faint|p2b: Lunala
|-damage|p1a: Miraidon|91/100|[from] item: Life Orb
|
|-weather|SunnyDay|[upkeep]
|upkeep
|
|t:|1750840697
|switch|p2b: Koraidon|Koraidon, L50|76/100
|-activate|p2b: Koraidon|ability: Orichalcum Pulse
|turn|3
|
|t:|1750840713
|move|p2a: Whimsicott|Tailwind|p2a: Whimsicott
|-sidestart|p2: wudiace|move: Tailwind
|move|p2b: Koraidon|Collision Course|p1b: Ninetales
|-damage|p1b: Ninetales|0 fnt
|faint|p1b: Ninetales
|move|p1a: Miraidon|Draco Meteor|p2b: Koraidon
|-supereffective|p2b: Koraidon
|-damage|p2b: Koraidon|0 fnt
|-unboost|p1a: Miraidon|spa|2
|faint|p2b: Koraidon
|-damage|p1a: Miraidon|81/100|[from] item: Life Orb
|
|-weather|SunnyDay|[upkeep]
|upkeep
|
|t:|1750840729
|switch|p2b: Chi-Yu|Chi-Yu, L50|100/100
|switch|p1b: Calyrex|Calyrex-Ice, L50|100/100
|-ability|p1b: Calyrex|As One
|-ability|p1b: Calyrex|Unnerve
|-ability|p2b: Chi-Yu|Beads of Ruin
|turn|4
|
|t:|1750840749
|move|p2b: Chi-Yu|Dark Pulse|p1b: Calyrex
|-supereffective|p1b: Calyrex
|-damage|p1b: Calyrex|50/100
|move|p2a: Whimsicott|Moonblast|p1a: Miraidon
|-supereffective|p1a: Miraidon
|-damage|p1a: Miraidon|10/100
|move|p1a: Miraidon|Electro Drift|p2b: Chi-Yu
|-crit|p2b: Chi-Yu
|-damage|p2b: Chi-Yu|0 fnt
|faint|p2b: Chi-Yu
|-damage|p1a: Miraidon|0 fnt|[from] item: Life Orb
|faint|p1a: Miraidon
|move|p1b: Calyrex|Glacial Lance|p2a: Whimsicott
|-supereffective|p2a: Whimsicott
|-crit|p2a: Whimsicott
|-damage|p2a: Whimsicott|0 fnt
|faint|p2a: Whimsicott
|
|win|roykeenkennedy
|raw|roykeenkennedy's rating: 1520 &rarr; <strong>1549</strong><br />(+29 for winning)
|raw|wudiace's rating: 1692 &rarr; <strong>1663</strong><br />(-29 for losing)
|l|☆wudiace
|player|p2|
|c|☆roykeenkennedy|Why dark pulse?
|l|☆roykeenkennedy
|player|p1|
