|j|☆duragon312
|j|☆Ijnk
|t:|1750841869
|gametype|doubles
|player|p1|duragon312|101|1394
|player|p2|Ijnk|1|1309
|teamsize|p1|6
|teamsize|p2|6
|gen|9
|tier|[Gen 9] VGC 2025 Reg I
|rated|
|rule|Species Clause: Limit one of each Pokémon
|rule|Item Clause: Limit 1 of each item
|clearpoke
|poke|p1|Calyrex-Ice, L50|
|poke|p1|Kyogre, L50|
|poke|p1|Iron Jugulis, L50|
|poke|p1|Urshifu-*, L50, M|
|poke|p1|Rhyperior, L50, M|
|poke|p1|Amoonguss, L50, F|
|poke|p2|Sableye, L50, F|
|poke|p2|Lunala, L50|
|poke|p2|Calyrex-Ice, L50|
|poke|p2|Iron Hands, L50|
|poke|p2|Oranguru, L50, F|
|poke|p2|Heatran, L50, F|
|teampreview|4
|
|t:|1750841940
|start
|switch|p1a: Kyogre|Kyogre, L50|100/100
|switch|p1b: Iron Jugulis|Iron Jugulis, L50|100/100
|switch|p2a: Sableye|Sableye, L50, F|100/100
|switch|p2b: Lunala|Lunala, L50|100/100
|-weather|RainDance|[from] ability: Drizzle|[of] p1a: Kyogre
|-enditem|p1b: Iron Jugulis|Booster Energy
|-activate|p1b: Iron Jugulis|ability: Quark Drive|[fromitem]
|-start|p1b: Iron Jugulis|quarkdrivespe
|turn|1
|
|t:|1750841976
|move|p2a: Sableye|Fake Out|p1a: Kyogre
|-damage|p1a: Kyogre|92/100
|move|p1b: Iron Jugulis|Snarl|p2a: Sableye|[spread] p2a,p2b
|-supereffective|p2b: Lunala
|-damage|p2a: Sableye|81/100
|-damage|p2b: Lunala|80/100
|-unboost|p2a: Sableye|spa|1
|-unboost|p2b: Lunala|spa|1
|cant|p1a: Kyogre|flinch
|move|p2b: Lunala|Trick Room|p2b: Lunala
|-fieldstart|move: Trick Room|[of] p2b: Lunala
|
|-weather|RainDance|[upkeep]
|upkeep
|turn|2
|
|t:|1750841997
|move|p2a: Sableye|Disable|p1b: Iron Jugulis
|-hint|Since gen 7, Dark is immune to Prankster moves.
|-immune|p1b: Iron Jugulis
|move|p2b: Lunala|Meteor Beam||[still]
|-prepare|p2b: Lunala|Meteor Beam
|-boost|p2b: Lunala|spa|1
|-enditem|p2b: Lunala|Power Herb
|-anim|p2b: Lunala|Meteor Beam|p1a: Kyogre
|-damage|p1a: Kyogre|61/100
|move|p1a: Kyogre|Origin Pulse|p2a: Sableye|[spread] p2a
|-miss|p1a: Kyogre|p2b: Lunala
|-damage|p2a: Sableye|0 fnt
|faint|p2a: Sableye
|move|p1b: Iron Jugulis|Snarl|p2b: Lunala
|-supereffective|p2b: Lunala
|-damage|p2b: Lunala|21/100
|-unboost|p2b: Lunala|spa|1
|
|-weather|RainDance|[upkeep]
|upkeep
|
|t:|1750842015
|switch|p2a: Calyrex|Calyrex-Ice, L50|100/100
|-ability|p2a: Calyrex|As One
|-ability|p2a: Calyrex|Unnerve
|turn|3
|
|t:|1750842046
|switch|p2b: Oranguru|Oranguru, L50, F|100/100
|-terastallize|p1b: Iron Jugulis|Fire
|move|p2a: Calyrex|Glacial Lance|p1b: Iron Jugulis|[spread] p1a,p1b
|-resisted|p1a: Kyogre
|-resisted|p1b: Iron Jugulis
|-damage|p1a: Kyogre|32/100
|-damage|p1b: Iron Jugulis|71/100
|move|p1a: Kyogre|Origin Pulse|p2a: Calyrex|[spread] p2a,p2b
|-damage|p2a: Calyrex|31/100
|-damage|p2b: Oranguru|3/100
|move|p1b: Iron Jugulis|Hurricane|p2a: Calyrex
|-damage|p2a: Calyrex|0 fnt
|faint|p2a: Calyrex
|
|-weather|RainDance|[upkeep]
|upkeep
|-message|Ijnk forfeited.
|
|win|duragon312
|raw|duragon312's rating: 1394 &rarr; <strong>1409</strong><br />(+15 for winning)
|raw|Ijnk's rating: 1309 &rarr; <strong>1294</strong><br />(-15 for losing)
|l|☆Ijnk
|player|p2|
|l|☆duragon312
|player|p1|
