|j|☆TotallyNotAutistic
|j|☆camgamesttv
|t:|1750825837
|gametype|doubles
|player|p1|TotallyNotAutistic|n|1166
|player|p2|camgamesttv|101|1121
|teamsize|p1|6
|teamsize|p2|6
|gen|9
|tier|[Gen 9] VGC 2025 Reg I
|rated|
|rule|Species Clause: Limit one of each Pokémon
|rule|Item Clause: Limit 1 of each item
|clearpoke
|poke|p1|Reshiram, L50|
|poke|p1|Malamar, L50, M|
|poke|p1|Miraidon, L50|
|poke|p1|Farigiraf, L50, M|
|poke|p1|Iron Hands, L50|
|poke|p1|Gastrodon, L50, M|
|poke|p2|Calyrex-Ice, L50|
|poke|p2|Indeedee-F, L50, F|
|poke|p2|Torkoal, L50, M|
|poke|p2|Ogerpon-Cornerstone, L50, F|
|poke|p2|Urshifu-*, L50, M|
|poke|p2|Ninetales-Alola, L50, M|
|teampreview|4
|inactive|Battle timer is ON: inactive players will automatically lose when time's up. (requested by TotallyNotAutistic)
|
|t:|1750825876
|start
|switch|p1a: Reshiram|Reshiram, L50|100/100
|switch|p1b: Malamar|Malamar, L50, M|100/100
|switch|p2a: Calyrex|Calyrex-Ice, L50|100/100
|switch|p2b: Indeedee|Indeedee-F, L50, F|100/100
|-ability|p2a: Calyrex|As One
|-ability|p2a: Calyrex|Unnerve
|-fieldstart|move: Psychic Terrain|[from] ability: Psychic Surge|[of] p2b: Indeedee
|-ability|p1a: Reshiram|Turboblaze
|turn|1
|
|t:|1750825897
|move|p1a: Reshiram|Protect|p1a: Reshiram
|-singleturn|p1a: Reshiram|Protect
|move|p2a: Calyrex|Protect|p2a: Calyrex
|-singleturn|p2a: Calyrex|Protect
|move|p2b: Indeedee|Trick Room|p2b: Indeedee
|-fieldstart|move: Trick Room|[of] p2b: Indeedee
|move|p1b: Malamar|Trick Room|p1b: Malamar
|-fieldend|move: Trick Room
|
|upkeep
|turn|2
|
|t:|1750825920
|-terastallize|p1a: Reshiram|Fire
|move|p2b: Indeedee|Follow Me|p2b: Indeedee
|-singleturn|p2b: Indeedee|move: Follow Me
|move|p1a: Reshiram|Overheat|p2b: Indeedee
|-damage|p2b: Indeedee|0 fnt
|-unboost|p1a: Reshiram|spa|2
|faint|p2b: Indeedee
|-damage|p1a: Reshiram|91/100|[from] item: Life Orb
|move|p1b: Malamar|Foul Play|p2a: Calyrex
|-supereffective|p2a: Calyrex
|-damage|p2a: Calyrex|22/100
|move|p2a: Calyrex|Glacial Lance|p1a: Reshiram|[spread] p1a,p1b
|-resisted|p1a: Reshiram
|-damage|p1a: Reshiram|66/100
|-damage|p1b: Malamar|46/100
|
|upkeep
|
|t:|1750825924
|switch|p2b: Ninetales|Ninetales-Alola, L50, M|100/100
|-weather|Snowscape|[from] ability: Snow Warning|[of] p2b: Ninetales
|turn|3
|
|t:|1750825946
|move|p2b: Ninetales|Moonblast|p1a: Reshiram
|-resisted|p1a: Reshiram
|-damage|p1a: Reshiram|52/100
|move|p1a: Reshiram|Heat Wave|p2b: Ninetales|[spread] p2a,p2b
|-supereffective|p2a: Calyrex
|-supereffective|p2b: Ninetales
|-damage|p2a: Calyrex|0 fnt
|-damage|p2b: Ninetales|10/100
|faint|p2a: Calyrex
|-damage|p1a: Reshiram|42/100|[from] item: Life Orb
|move|p1b: Malamar|Trick Room|p1b: Malamar
|-fieldstart|move: Trick Room|[of] p1b: Malamar
|
|-weather|Snowscape|[upkeep]
|upkeep
|
|t:|1750825961
|switch|p2a: Ogerpon|Ogerpon-Cornerstone, L50, F|100/100
|turn|4
|
|t:|1750825974
|move|p1b: Malamar|Topsy-Turvy|p1a: Reshiram
|-invertboost|p1a: Reshiram|[from] move: Topsy-Turvy
|move|p1a: Reshiram|Heat Wave|p2b: Ninetales|[spread] p2a,p2b
|-supereffective|p2b: Ninetales
|-damage|p2a: Ogerpon|0 fnt
|-damage|p2b: Ninetales|0 fnt
|faint|p2a: Ogerpon
|faint|p2b: Ninetales
|-damage|p1a: Reshiram|32/100|[from] item: Life Orb
|
|win|TotallyNotAutistic
|raw|TotallyNotAutistic's rating: 1166 &rarr; <strong>1188</strong><br />(+22 for winning)
|raw|camgamesttv's rating: 1121 &rarr; <strong>1099</strong><br />(-22 for losing)
|l|☆camgamesttv
|player|p2|
|l|☆TotallyNotAutistic
|player|p1|
