|j|☆Aozora Kazama青空風間
|j|☆jgvitvyvt
|t:|1750826301
|gametype|doubles
|player|p1|Aozora Kazama青空風間|n|1220
|player|p2|jgvitvyvt|unknown|1218
|teamsize|p1|6
|teamsize|p2|6
|gen|9
|tier|[Gen 9] VGC 2025 Reg I
|rated|
|rule|Species Clause: Limit one of each Pokémon
|rule|Item Clause: Limit 1 of each item
|clearpoke
|poke|p1|Stonjourner, L50, M|
|poke|p1|Hatterene, L50, F|
|poke|p1|Indeedee, L50, M|
|poke|p1|Calyrex-Shadow, L50|
|poke|p1|Koraidon, L50|
|poke|p1|Tauros-Paldea-Blaze, L50, M|
|poke|p2|Miraidon, L50|
|poke|p2|Groudon, L50|
|poke|p2|Chi-Yu, L50|
|poke|p2|Walking Wake, L50|
|poke|p2|Farigiraf, L50, M|
|poke|p2|Scovillain, L50, F|
|teampreview|4
|inactive|Battle timer is ON: inactive players will automatically lose when time's up. (requested by Aozora Kazama青空風間)
|inactive|Aozora Kazama青空風間 has 60 seconds left.
|
|t:|1750826345
|start
|switch|p1a: Stonehenge|Stonjourner, L50, M, shiny|100/100
|switch|p1b: Redbull|Tauros-Paldea-Blaze, L50, M, shiny|100/100
|switch|p2a: Farigiraf|Farigiraf, L50, M|100/100
|switch|p2b: Walking Wake|Walking Wake, L50|100/100
|turn|1
|
|t:|1750826362
|move|p1b: Redbull|Close Combat|p2b: Walking Wake
|-damage|p2b: Walking Wake|36/100
|-unboost|p1b: Redbull|def|1
|-unboost|p1b: Redbull|spd|1
|move|p2b: Walking Wake|Breaking Swipe|p1b: Redbull|[spread] p1a,p1b
|-damage|p1a: Stonehenge|90/100
|-damage|p1b: Redbull|80/100
|-unboost|p1a: Stonehenge|atk|1
|-unboost|p1b: Redbull|atk|1
|move|p1a: Stonehenge|Rock Slide|p2a: Farigiraf|[spread] p2a,p2b
|-damage|p2a: Farigiraf|81/100
|-damage|p2b: Walking Wake|17/100
|cant|p2a: Farigiraf|flinch
|
|-heal|p2a: Farigiraf|87/100|[from] item: Leftovers
|upkeep
|turn|2
|
|t:|1750826388
|-end|p2b: Walking Wake|Protosynthesis|[silent]
|switch|p2b: Groudon|Groudon, L50|100/100
|-weather|SunnyDay|[from] ability: Drought|[of] p2b: Groudon
|move|p1b: Redbull|Close Combat|p2b: Groudon
|-damage|p2b: Groudon|68/100
|-unboost|p1b: Redbull|def|1
|-unboost|p1b: Redbull|spd|1
|move|p1a: Stonehenge|Rock Slide|p2a: Farigiraf|[spread] p2a,p2b
|-resisted|p2b: Groudon
|-damage|p2a: Farigiraf|68/100
|-damage|p2b: Groudon|60/100
|move|p2a: Farigiraf|Twin Beam|p1b: Redbull
|-supereffective|p1b: Redbull
|-damage|p1b: Redbull|0 fnt
|faint|p1b: Redbull
|-hitcount|p1: Redbull|1
|
|-weather|SunnyDay|[upkeep]
|-heal|p2a: Farigiraf|74/100|[from] item: Leftovers
|upkeep
|
|t:|1750826400
|switch|p1b: Calyrex|Calyrex-Shadow, L50|100/100
|-ability|p1b: Calyrex|As One
|-ability|p1b: Calyrex|Unnerve
|turn|3
|
|t:|1750826404
|move|p2b: Groudon|Protect|p2b: Groudon
|-singleturn|p2b: Groudon|Protect
|move|p1a: Stonehenge|Wide Guard|p1a: Stonehenge
|-singleturn|p1a: Stonehenge|Wide Guard
|move|p1b: Calyrex|Pollen Puff|p2a: Farigiraf
|-supereffective|p2a: Farigiraf
|-damage|p2a: Farigiraf|0 fnt
|faint|p2a: Farigiraf
|-ability|p1b: Calyrex|Grim Neigh|boost
|-boost|p1b: Calyrex|spa|1
|
|-weather|SunnyDay|[upkeep]
|upkeep
|
|t:|1750826408
|switch|p2a: Walking Wake|Walking Wake, L50|17/100
|-activate|p2a: Walking Wake|ability: Protosynthesis
|-start|p2a: Walking Wake|protosynthesisspe
|turn|4
|
|t:|1750826428
|-terastallize|p1b: Calyrex|Dragon
|move|p1a: Stonehenge|Wide Guard|p1a: Stonehenge
|-singleturn|p1a: Stonehenge|Wide Guard
|move|p2a: Walking Wake|Snarl|p1b: Calyrex|[spread] 
|-activate|p1a: Stonehenge|move: Wide Guard
|-activate|p1b: Calyrex|move: Wide Guard
|move|p1b: Calyrex|Astral Barrage|p2a: Walking Wake|[spread] p2a,p2b
|-damage|p2a: Walking Wake|0 fnt
|-damage|p2b: Groudon|0 fnt
|faint|p2a: Walking Wake
|-end|p2a: Walking Wake|Protosynthesis|[silent]
|faint|p2b: Groudon
|-ability|p1b: Calyrex|Grim Neigh|boost
|-boost|p1b: Calyrex|spa|2
|
|-weather|SunnyDay|[upkeep]
|upkeep
|-message|jgvitvyvt forfeited.
|
|win|Aozora Kazama青空風間
|raw|Aozora Kazama青空風間's rating: 1220 &rarr; <strong>1245</strong><br />(+25 for winning)
|raw|jgvitvyvt's rating: 1218 &rarr; <strong>1193</strong><br />(-25 for losing)
|l|☆jgvitvyvt
|player|p2|
|l|☆Aozora Kazama青空風間
|player|p1|
