|j|☆Snibreon
|j|☆new player dude
|t:|1750832465
|gametype|doubles
|player|p1|Snibreon|hilbert-wonderlauncher|1326
|player|p2|new player dude|266|1288
|teamsize|p1|6
|teamsize|p2|6
|gen|9
|tier|[Gen 9] VGC 2025 Reg I
|rated|
|rule|Species Clause: Limit one of each Pokémon
|rule|Item Clause: Limit 1 of each item
|clearpoke
|poke|p1|Lunala, L50|
|poke|p1|Koraidon, L50|
|poke|p1|Chi-Yu, L50|
|poke|p1|Shiftry, L50, M|
|poke|p1|Flutter Mane, L50|
|poke|p1|Indeedee-F, L50, F|
|poke|p2|Smeargle, L50, F|
|poke|p2|Terapagos, L50, M|
|poke|p2|Calyrex-Shadow, L50|
|poke|p2|Iron Hands, L50|
|poke|p2|Whimsicott, L50, F|
|poke|p2|Chi-Yu, L50|
|teampreview|4
|
|t:|1750832510
|start
|switch|p1a: Luka Magic|Koraidon, L50|100/100
|switch|p1b: Captain Klay|Chi-Yu, L50|100/100
|switch|p2a: Terapagos|Terapagos, L50, M|100/100
|switch|p2b: Chi-Yu|Chi-Yu, L50|100/100
|-activate|p2a: Terapagos|ability: Tera Shift
|detailschange|p2a: Terapagos|Terapagos-Terastal, L50, M
|-heal|p2a: Terapagos|100/100|[silent]
|-ability|p2b: Chi-Yu|Beads of Ruin
|-ability|p1b: Captain Klay|Beads of Ruin
|-weather|SunnyDay|[from] ability: Orichalcum Pulse|[of] p1a: Luka Magic
|-activate|p1a: Luka Magic|Orichalcum Pulse|[source]
|turn|1
|
|t:|1750832534
|-terastallize|p2a: Terapagos|Stellar
|detailschange|p2a: Terapagos|Terapagos-Stellar, L50, M, tera:Stellar
|-heal|p2a: Terapagos|100/100|[silent]
|-ability|p2a: Terapagos|Teraform Zero
|-weather|none
|move|p1b: Captain Klay|Snarl|p2b: Chi-Yu|[spread] p2a,p2b
|-resisted|p2b: Chi-Yu
|-damage|p2a: Terapagos|79/100
|-damage|p2b: Chi-Yu|87/100
|-unboost|p2a: Terapagos|spa|1
|-unboost|p2b: Chi-Yu|spa|1
|move|p2b: Chi-Yu|Heat Wave|p1b: Captain Klay|[spread] p1a,p1b
|-resisted|p1a: Luka Magic
|-resisted|p1b: Captain Klay
|-damage|p1a: Luka Magic|82/100
|-damage|p1b: Captain Klay|84/100
|move|p1a: Luka Magic|Collision Course|p2b: Chi-Yu
|-supereffective|p2b: Chi-Yu
|-damage|p2b: Chi-Yu|0 fnt
|faint|p2b: Chi-Yu
|move|p2a: Terapagos|Tera Starstorm|p1a: Luka Magic|[spread] p1a,p1b
|-damage|p1a: Luka Magic|24/100
|-damage|p1b: Captain Klay|34/100
|
|upkeep
|
|t:|1750832545
|switch|p2b: Whimsicott|Whimsicott, L50, F|100/100
|turn|2
|
|t:|1750832568
|switch|p1a: Shiftry|Shiftry, L50, M|100/100
|move|p2b: Whimsicott|Tailwind|p2b: Whimsicott
|-sidestart|p2: new player dude|move: Tailwind
|move|p2a: Terapagos|Tera Starstorm|p1b: Captain Klay|[spread] p1a,p1b
|-damage|p1a: Shiftry|25/100
|-damage|p1b: Captain Klay|0 fnt
|faint|p1b: Captain Klay
|
|upkeep
|
|t:|1750832577
|switch|p1b: Luka Magic|Koraidon, L50|24/100
|-weather|SunnyDay|[from] ability: Orichalcum Pulse|[of] p1b: Luka Magic
|-activate|p1b: Luka Magic|Orichalcum Pulse|[source]
|turn|3
|-message|Snibreon forfeited.
|
|win|new player dude
|raw|Snibreon's rating: 1326 &rarr; <strong>1304</strong><br />(-22 for losing)
|raw|new player dude's rating: 1288 &rarr; <strong>1316</strong><br />(+28 for winning)
|l|☆Snibreon
|player|p1|
|l|☆new player dude
|player|p2|
