|j|☆Gexi01
|j|☆xmen2104
|t:|1750753473
|gametype|doubles
|player|p1|Gexi01|266|1266
|player|p2|xmen2104|lucas-gen4pt|1300
|teamsize|p1|6
|teamsize|p2|6
|gen|9
|tier|[Gen 9] VGC 2025 Reg I
|rated|
|rule|Species Clause: Limit one of each Pokémon
|rule|Item Clause: Limit 1 of each item
|clearpoke
|poke|p1|Koraidon, L50|
|poke|p1|Typhlosion-Hisui, L50, M|
|poke|p1|Lugia, L50|
|poke|p1|Regieleki, L50|
|poke|p1|Incineroar, L50, F|
|poke|p1|Flutter Mane, L50|
|poke|p2|Koraidon, L50|
|poke|p2|Calyrex-Shadow, L50|
|poke|p2|Incineroar, L50, F|
|poke|p2|Raging Bolt, L50|
|poke|p2|Indeedee-F, L50, F|
|poke|p2|Landorus, L50, M|
|teampreview|4
|inactive|Battle timer is ON: inactive players will automatically lose when time's up. (requested by xmen2104)
|
|t:|1750753498
|start
|switch|p1a: Typhlosion|Typhlosion-Hisui, L50, M|100/100
|switch|p1b: Regieleki|Regieleki, L50|100/100
|switch|p2a: Calyrex|Calyrex-Shadow, L50|100/100
|switch|p2b: Indeedee|Indeedee-F, L50, F|100/100
|-ability|p2a: Calyrex|As One
|-ability|p2a: Calyrex|Unnerve
|-item|p2a: Calyrex|Covert Cloak|[from] ability: Frisk|[of] p1a: Typhlosion
|-item|p2b: Indeedee|Rocky Helmet|[from] ability: Frisk|[of] p1a: Typhlosion
|-fieldstart|move: Psychic Terrain|[from] ability: Psychic Surge|[of] p2b: Indeedee
|turn|1
|
|t:|1750753514
|-terastallize|p1a: Typhlosion|Fire
|move|p1b: Regieleki|Electroweb|p2a: Calyrex|[spread] p2b
|-miss|p1b: Regieleki|p2a: Calyrex
|-damage|p2b: Indeedee|73/100
|-unboost|p2b: Indeedee|spe|1
|move|p1a: Typhlosion|Eruption|p2b: Indeedee|[spread] p2a,p2b
|-damage|p2a: Calyrex|32/100
|-damage|p2b: Indeedee|8/100
|move|p2a: Calyrex|Astral Barrage|p1b: Regieleki|[spread] p1a,p1b
|-damage|p1a: Typhlosion|24/100
|-damage|p1b: Regieleki|0 fnt
|faint|p1b: Regieleki
|-ability|p2a: Calyrex|Grim Neigh|boost
|-boost|p2a: Calyrex|spa|1
|move|p2b: Indeedee|Psychic|p1a: Typhlosion
|-damage|p1a: Typhlosion|0 fnt
|faint|p1a: Typhlosion
|
|upkeep
|
|t:|1750753526
|switch|p1b: Flutter Mane|Flutter Mane, L50|100/100
|switch|p1a: Koraidon|Koraidon, L50|100/100
|-weather|SunnyDay|[from] ability: Orichalcum Pulse|[of] p1a: Koraidon
|-activate|p1b: Flutter Mane|ability: Protosynthesis
|-start|p1b: Flutter Mane|protosynthesisspe
|-activate|p1a: Koraidon|Orichalcum Pulse|[source]
|turn|2
|
|t:|1750753537
|move|p2b: Indeedee|Follow Me|p2b: Indeedee
|-singleturn|p2b: Indeedee|move: Follow Me
|move|p1b: Flutter Mane|Moonblast|p2b: Indeedee
|-damage|p2b: Indeedee|0 fnt
|faint|p2b: Indeedee
|move|p2a: Calyrex|Expanding Force|p1a: Koraidon|[spread] p1a,p1b
|-supereffective|p1a: Koraidon
|-damage|p1a: Koraidon|0 fnt
|-enditem|p1b: Flutter Mane|Focus Sash
|-damage|p1b: Flutter Mane|1/100
|faint|p1a: Koraidon
|-ability|p2a: Calyrex|Grim Neigh|boost
|-boost|p2a: Calyrex|spa|1
|
|-weather|SunnyDay|[upkeep]
|upkeep
|
|t:|1750753546
|switch|p2b: Raging Bolt|Raging Bolt, L50|100/100
|-activate|p2b: Raging Bolt|ability: Protosynthesis
|-start|p2b: Raging Bolt|protosynthesisspa
|turn|3
|-message|Gexi01 forfeited.
|
|win|xmen2104
|raw|Gexi01's rating: 1266 &rarr; <strong>1243</strong><br />(-23 for losing)
|raw|xmen2104's rating: 1300 &rarr; <strong>1323</strong><br />(+23 for winning)
|l|☆Gexi01
|player|p1|
|l|☆xmen2104
|player|p2|
