|j|☆tiltedMcGee
|j|☆VeiledNonsense
|t:|1750823422
|gametype|doubles
|player|p1|tiltedMcGee|brycenman|1000
|player|p2|VeiledNonsense|fantina|1039
|teamsize|p1|6
|teamsize|p2|6
|gen|9
|tier|[Gen 9] VGC 2025 Reg I
|rated|
|rule|Species Clause: Limit one of each Pokémon
|rule|Item Clause: Limit 1 of each item
|clearpoke
|poke|p1|Dusclops, L50, M|
|poke|p1|Calyrex-Ice, L50|
|poke|p1|Incineroar, L50, M|
|poke|p1|Empoleon, L50, M|
|poke|p1|Rhyperior, L50, M|
|poke|p1|Ursaluna-Bloodmoon, L50, M|
|poke|p2|Koraidon, L50|
|poke|p2|Flutter Mane, L50|
|poke|p2|Chi-Yu, L50|
|poke|p2|Lunala, L50|
|poke|p2|Indeedee-F, L50, F|
|poke|p2|Brute Bonnet, L50|
|teampreview|4
|inactive|Battle timer is ON: inactive players will automatically lose when time's up. (requested by tiltedMcGee)
|inactive|tiltedMcGee has 60 seconds left.
|
|t:|1750823453
|start
|switch|p1a: Calyrex|Calyrex-Ice, L50|100/100
|switch|p1b: Incineroar|Incineroar, L50, M|100/100
|switch|p2a: Kevin|Indeedee-F, L50, F|100/100
|switch|p2b: Honesty|Brute Bonnet, L50|100/100
|-ability|p1a: Calyrex|As One
|-ability|p1a: Calyrex|Unnerve
|-fieldstart|move: Psychic Terrain|[from] ability: Psychic Surge|[of] p2a: Kevin
|-enditem|p2a: Kevin|Psychic Seed
|-boost|p2a: Kevin|spd|1|[from] item: Psychic Seed
|turn|1
|inactive|VeiledNonsense has 30 seconds left.
|inactive|VeiledNonsense has 20 seconds left.
|inactive|VeiledNonsense has 15 seconds left.
|
|t:|1750823495
|switch|p2a: Beautiful Ruby|Lunala, L50, shiny|100/100
|switch|p1a: Empoleon|Empoleon, L50, M|100/100
|move|p1b: Incineroar|Flare Blitz|p2b: Honesty
|-supereffective|p2b: Honesty
|-damage|p2b: Honesty|14/100
|-damage|p1b: Incineroar|70/100|[from] Recoil
|move|p2b: Honesty|Spore|p1a: Empoleon
|-status|p1a: Empoleon|slp|[from] move: Spore
|
|upkeep
|turn|2
|inactive|tiltedMcGee has 30 seconds left.
|inactive|VeiledNonsense has 30 seconds left.
|
|t:|1750823521
|move|p2a: Beautiful Ruby|Meteor Beam||[still]
|-prepare|p2a: Beautiful Ruby|Meteor Beam
|-boost|p2a: Beautiful Ruby|spa|1
|-enditem|p2a: Beautiful Ruby|Power Herb
|-anim|p2a: Beautiful Ruby|Meteor Beam|p1b: Incineroar
|-supereffective|p1b: Incineroar
|-damage|p1b: Incineroar|0 fnt
|faint|p1b: Incineroar
|cant|p1a: Empoleon|slp
|move|p2b: Honesty|Seed Bomb|p1a: Empoleon
|-damage|p1a: Empoleon|69/100 slp
|
|-heal|p1a: Empoleon|74/100 slp|[from] item: Leftovers
|upkeep
|
|t:|1750823528
|switch|p1b: Calyrex|Calyrex-Ice, L50|100/100
|-ability|p1b: Calyrex|As One
|-ability|p1b: Calyrex|Unnerve
|turn|3
|
|t:|1750823542
|-terastallize|p2a: Beautiful Ruby|Water
|move|p2b: Honesty|Sucker Punch||[still]
|-fail|p2b: Honesty
|move|p2a: Beautiful Ruby|Expanding Force|p1b: Calyrex|[spread] p1a,p1b
|-resisted|p1a: Empoleon
|-resisted|p1b: Calyrex
|-damage|p1a: Empoleon|27/100 slp
|-damage|p1b: Calyrex|68/100
|cant|p1a: Empoleon|slp
|move|p1b: Calyrex|Trick Room|p1b: Calyrex
|-fieldstart|move: Trick Room|[of] p1b: Calyrex
|
|-heal|p1a: Empoleon|32/100 slp|[from] item: Leftovers
|upkeep
|turn|4
|
|t:|1750823563
|move|p1b: Calyrex|Glacial Lance|p2b: Honesty|[spread] p2a,p2b
|-resisted|p2a: Beautiful Ruby
|-supereffective|p2b: Honesty
|-damage|p2a: Beautiful Ruby|88/100
|-damage|p2b: Honesty|0 fnt
|faint|p2b: Honesty
|-end|p2b: Honesty|Protosynthesis|[silent]
|-ability|p1b: Calyrex|Chilling Neigh|boost
|-boost|p1b: Calyrex|atk|1
|-curestatus|p1a: Empoleon|slp|[msg]
|move|p1a: Empoleon|Blizzard|p2a: Beautiful Ruby
|-resisted|p2a: Beautiful Ruby
|-damage|p2a: Beautiful Ruby|76/100
|move|p2a: Beautiful Ruby|Moongeist Beam|p1b: Calyrex
|-supereffective|p1b: Calyrex
|-damage|p1b: Calyrex|0 fnt
|faint|p1b: Calyrex
|
|-heal|p1a: Empoleon|38/100|[from] item: Leftovers
|upkeep
|-message|tiltedMcGee forfeited.
|
|win|VeiledNonsense
|raw|tiltedMcGee's rating: 1000 &rarr; <strong>1000</strong><br />(+0 for losing)
|raw|VeiledNonsense's rating: 1039 &rarr; <strong>1069</strong><br />(+30 for winning)
|l|☆tiltedMcGee
|player|p1|
