|j|☆Lechonk75
|j|☆pom321321321
|t:|1750843109
|gametype|doubles
|player|p1|Lechonk75|erika|1588
|player|p2|pom321321321|wattson|1472
|teamsize|p1|6
|teamsize|p2|6
|gen|9
|tier|[Gen 9] VGC 2025 Reg I
|rated|
|rule|Species Clause: Limit one of each Pokémon
|rule|Item Clause: Limit 1 of each item
|clearpoke
|poke|p1|Miraidon, L50|
|poke|p1|Calyrex-Ice, L50|
|poke|p1|Incineroar, L50, M|
|poke|p1|Farigiraf, L50, F|
|poke|p1|Landorus, L50, M|
|poke|p1|Urshifu-*, L50, M|
|poke|p2|Lunala, L50|
|poke|p2|Groudon, L50|
|poke|p2|Iron Valiant, L50|
|poke|p2|Sableye, L50, F|
|poke|p2|Incineroar, L50, F|
|poke|p2|Rillaboom, L50, M|
|teampreview|4
|inactive|Battle timer is ON: inactive players will automatically lose when time's up. (requested by pom321321321)
|inactive|Lechonk75 has 60 seconds left.
|
|t:|1750843159
|start
|switch|p1a: Iron Serpent|Miraidon, L50|100/100
|switch|p1b: Iron Tiger|Incineroar, L50, M|100/100
|switch|p2a: Cerus|Lunala, L50|100/100
|switch|p2b: Rillaboom|Rillaboom, L50, M|100/100
|-fieldstart|move: Electric Terrain|[from] ability: Hadron Engine|[of] p1a: Iron Serpent
|-fieldstart|move: Grassy Terrain|[from] ability: Grassy Surge|[of] p2b: Rillaboom
|-ability|p1b: Iron Tiger|Intimidate|boost
|-unboost|p2a: Cerus|atk|1
|-unboost|p2b: Rillaboom|atk|1
|turn|1
|inactive|Lechonk75 has 30 seconds left.
|
|t:|1750843193
|-terastallize|p2a: Cerus|Fairy
|move|p2b: Rillaboom|Fake Out|p1a: Iron Serpent
|-damage|p1a: Iron Serpent|94/100
|cant|p1a: Iron Serpent|flinch
|move|p2a: Cerus|Calm Mind|p2a: Cerus
|-boost|p2a: Cerus|spa|1
|-boost|p2a: Cerus|spd|1
|move|p1b: Iron Tiger|U-turn|p2b: Rillaboom
|-supereffective|p2b: Rillaboom
|-damage|p2b: Rillaboom|67/100
|
|t:|1750843208
|switch|p1b: Iron Lance|Calyrex-Ice, L50|100/100|[from] U-turn
|-ability|p1b: Iron Lance|As One
|-ability|p1b: Iron Lance|Unnerve
|
|-heal|p1a: Iron Serpent|99/100|[from] Grassy Terrain
|-heal|p2b: Rillaboom|72/100|[from] Grassy Terrain
|upkeep
|turn|2
|
|t:|1750843228
|-terastallize|p1b: Iron Lance|Fire
|move|p1a: Iron Serpent|Volt Switch|p2a: Cerus
|-damage|p2a: Cerus|90/100
|
|t:|1750843240
|switch|p1a: Iron Tiger|Incineroar, L50, M|100/100|[from] Volt Switch
|-ability|p1a: Iron Tiger|Intimidate|boost
|-unboost|p2a: Cerus|atk|1
|-unboost|p2b: Rillaboom|atk|1
|move|p2a: Cerus|Moongeist Beam|p1b: Iron Lance
|-damage|p1b: Iron Lance|48/100
|move|p2b: Rillaboom|U-turn|p1b: Iron Lance
|-resisted|p1b: Iron Lance
|-damage|p1b: Iron Lance|45/100
|
|t:|1750843265
|switch|p2b: Incineroar|Incineroar, L50, F|100/100|[from] U-turn
|-ability|p2b: Incineroar|Intimidate|boost
|-unboost|p1a: Iron Tiger|atk|1
|-fail|p1b: Iron Lance|unboost|[from] item: Clear Amulet|[of] p1b: Iron Lance
|move|p1b: Iron Lance|Trick Room|p1b: Iron Lance
|-fieldstart|move: Trick Room|[of] p1b: Iron Lance
|
|-heal|p1b: Iron Lance|51/100|[from] Grassy Terrain
|-heal|p2a: Cerus|96/100|[from] Grassy Terrain
|-heal|p2a: Cerus|100/100|[from] item: Leftovers
|upkeep
|turn|3
|inactive|Lechonk75 has 30 seconds left.
|inactive|Lechonk75 has 20 seconds left.
|inactive|Lechonk75 has 15 seconds left.
|inactive|Lechonk75 has 10 seconds left.
|
|t:|1750843310
|move|p1a: Iron Tiger|Fake Out|p2a: Cerus
|-damage|p2a: Cerus|98/100
|move|p2b: Incineroar|Fake Out|p1b: Iron Lance
|-damage|p1b: Iron Lance|44/100
|cant|p1b: Iron Lance|flinch
|cant|p2a: Cerus|flinch
|
|-heal|p1b: Iron Lance|50/100|[from] Grassy Terrain
|-heal|p2a: Cerus|100/100|[from] Grassy Terrain
|upkeep
|turn|4
|inactive|Lechonk75 has 30 seconds left.
|inactive|pom321321321 has 30 seconds left.
|l|☆pom321321321
|inactive|pom321321321 disconnected and has a minute to reconnect!
|player|p2|
|inactive|pom321321321 has 20 seconds left.
|j|☆pom321321321
|inactive|pom321321321 reconnected and has 20 seconds left.
|player|p2|pom321321321|wattson|
|inactive|pom321321321 has 15 seconds left.
|inactive|pom321321321 has 10 seconds left.
|
|t:|1750843357
|move|p1b: Iron Lance|High Horsepower|p2b: Incineroar|[miss]
|-miss|p1b: Iron Lance|p2b: Incineroar
|move|p1a: Iron Tiger|Flare Blitz|p2a: Cerus
|-damage|p2a: Cerus|88/100
|-damage|p1a: Iron Tiger|96/100|[from] Recoil
|move|p2b: Incineroar|Parting Shot|p1a: Iron Tiger
|-unboost|p1a: Iron Tiger|atk|1
|-unboost|p1a: Iron Tiger|spa|1
|
|t:|1750843365
|switch|p2b: Rillaboom|Rillaboom, L50, M|72/100|[from] Parting Shot
|move|p2a: Cerus|Moongeist Beam|p1b: Iron Lance
|-damage|p1b: Iron Lance|0 fnt
|faint|p1b: Iron Lance
|
|-heal|p1a: Iron Tiger|100/100|[from] Grassy Terrain
|-heal|p2b: Rillaboom|78/100|[from] Grassy Terrain
|-heal|p2a: Cerus|95/100|[from] Grassy Terrain
|-heal|p2a: Cerus|100/100|[from] item: Leftovers
|upkeep
|-message|Lechonk75 forfeited.
|
|win|pom321321321
|raw|Lechonk75's rating: 1588 &rarr; <strong>1562</strong><br />(-26 for losing)
|raw|pom321321321's rating: 1472 &rarr; <strong>1498</strong><br />(+26 for winning)
