|j|☆aryecki
|j|☆qbking3
|html|<table width="100%"><tr><td align="left">aryecki</td><td align="right">qbking3</tr><tr><td align="left"><i class="fa fa-circle"></i> <i class="fa fa-circle-o"></i> </td><td align="right"><i class="fa fa-circle-o"></i> <i class="fa fa-circle-o"></i> </tr></table>
|uhtml|bestof|<h2><strong>Game 2</strong> of <a href="/game-bestof3-gen9vgc2025regi-2391321756">a best-of-3</a></h2>
|t:|1750836053
|gametype|doubles
|player|p1|aryecki|doubleteam|
|player|p2|qbking3|marnie-league|
|teamsize|p1|6
|teamsize|p2|6
|gen|9
|tier|[Gen 9] VGC 2025 Reg I
|rule|Species Clause: Limit one of each Pokémon
|rule|Item Clause: Limit 1 of each item
|rule|Terastal Clause: You cannot Terastallize
|raw|<div class="infobox"><details class="readmore"><summary><strong>51 custom rules:</strong></summary> Terastal Clause, -All Pokemon, +Unobtainable, +Past, !!Min Source Gen = 1, bestof=3, -ND Uber, -ND AG, -ND OU, -ND UUBL, -ND UU, -ND RUBL, -ND RU, -ND NFE, -ND LC, +Tyranitar-Base, +Masquerain, +Electrode-Base, +Arctozolt, +Honchkrow, +Mienshao, +Simisage, +Luvdisc, +Quaquaval, +Toedscruel, +Grapploct, +Slowking-Base, +Smeargle, +Tangrowth, +Furfrou, +Rabsca, +Drakloak, +Mimikyu-Base, +Uxie, +Primeape, +Purugly, +Orbeetle, +Glimmora, +Klawf, +Archeops, +Espeon, +Arbok, +Dugtrio-Alola, +Slowking-Galar, +Ditto, +Bruxish, +Escavalier, +Simipour, +Calyrex-Base, +Lunatone, -Tyranitarite</details></div>
|clearpoke
|poke|p1|Honchkrow, L50, F|
|poke|p1|Bruxish, L50, F|
|poke|p1|Tangrowth, L50, F|
|poke|p1|Archeops, L50, F|
|poke|p1|Arbok, L50, M|
|poke|p1|Escavalier, L50, F|
|poke|p2|Mimikyu, L50, F|
|poke|p2|Escavalier, L50, M|
|poke|p2|Slowking-Galar, L50, F|
|poke|p2|Mienshao, L50, M|
|poke|p2|Tyranitar, L50, M|
|poke|p2|Smeargle, L50, M|
|teampreview|4
aryecki has agreed to open team sheets.
|
|t:|1750836147
|start
|switch|p1a: Honchkrow|Honchkrow, L50, F|100/100
|switch|p1b: Tangrowth|Tangrowth, L50, F|100/100
|switch|p2a: Mimikyu|Mimikyu, L50, F|100/100
|switch|p2b: Escavalier|Escavalier, L50, M|100/100
|turn|1
|
|t:|1750836184
|move|p2a: Mimikyu|Taunt|p1b: Tangrowth
|-start|p1b: Tangrowth|move: Taunt
|move|p1a: Honchkrow|Night Slash|p2b: Escavalier
|-crit|p2b: Escavalier
|-damage|p2b: Escavalier|41/100
|move|p1b: Tangrowth|Knock Off|p2b: Escavalier
|-damage|p2b: Escavalier|20/100
|-enditem|p2b: Escavalier|Life Orb|[from] move: Knock Off|[of] p1b: Tangrowth
|move|p2b: Escavalier|Megahorn|p1a: Honchkrow
|-damage|p1a: Honchkrow|4/100
|
|upkeep
|turn|2
|
|t:|1750836218
|move|p2b: Escavalier|Protect|p2b: Escavalier
|-singleturn|p2b: Escavalier|Protect
|move|p1a: Honchkrow|Night Slash|p2b: Escavalier
|-activate|p2b: Escavalier|move: Protect
|move|p1b: Tangrowth|Leaf Storm|p2a: Mimikyu
|-activate|p2a: Mimikyu|ability: Disguise
|-damage|p2a: Mimikyu|100/100
|-unboost|p1b: Tangrowth|spa|2
|detailschange|p2a: Mimikyu|Mimikyu-Busted, L50, F
|-damage|p2a: Mimikyu|88/100|[from] pokemon: Mimikyu-Busted
|-enditem|p1b: Tangrowth|Eject Pack
|
|t:|1750836234
|switch|p1b: Bruxish|Bruxish, L50, F|100/100
|move|p2a: Mimikyu|Trick Room|p2a: Mimikyu
|-fieldstart|move: Trick Room|[of] p2a: Mimikyu
|
|upkeep
|turn|3
|
|t:|1750836270
|switch|p2a: Tyranitar|Tyranitar, L50, M|100/100
|-weather|Sandstorm|[from] ability: Sand Stream|[of] p2a: Tyranitar
|move|p1a: Honchkrow|Protect|p1a: Honchkrow
|-singleturn|p1a: Honchkrow|Protect
|move|p2b: Escavalier|Megahorn|p1b: Bruxish
|-supereffective|p1b: Bruxish
|-damage|p1b: Bruxish|0 fnt
|faint|p1b: Bruxish
|
|-weather|Sandstorm|[upkeep]
|-damage|p1a: Honchkrow|0 fnt|[from] Sandstorm
|faint|p1a: Honchkrow
|upkeep
|
|t:|1750836284
|switch|p1a: Tangrowth|Tangrowth, L50, F|100/100
|switch|p1b: Archeops|Archeops, L50, F|100/100
|turn|4
|
|t:|1750836297
|move|p1a: Tangrowth|Rage Powder|p1a: Tangrowth
|-singleturn|p1a: Tangrowth|move: Rage Powder
|move|p2b: Escavalier|Megahorn|p1a: Tangrowth
|-supereffective|p1a: Tangrowth
|-damage|p1a: Tangrowth|0 fnt
|faint|p1a: Tangrowth
|move|p2a: Tyranitar|Rock Slide|p1b: Archeops
|-supereffective|p1b: Archeops
|-damage|p1b: Archeops|0 fnt
|faint|p1b: Archeops
|
|win|qbking3
|c|☆qbking3|gg
