|j|☆yyfyyfyyf
|j|☆Pastor/Sinner
|t:|1750825607
|gametype|doubles
|player|p1|yyfyyfyyf|2|1171
|player|p2|Pastor/Sinner|170|1136
|teamsize|p1|6
|teamsize|p2|6
|gen|9
|tier|[Gen 9] VGC 2025 Reg I
|rated|
|rule|Species Clause: Limit one of each Pokémon
|rule|Item Clause: Limit 1 of each item
|clearpoke
|poke|p1|Calyrex-Ice, L50|
|poke|p1|Lunala, L50|
|poke|p1|Indeedee-F, L50, F|
|poke|p1|Smeargle, L50, M|
|poke|p1|Torkoal, L50, M|
|poke|p1|Urshifu-*, L50, F|
|poke|p2|Koraidon, L50|
|poke|p2|Scovillain, L50, M|
|poke|p2|Hariyama, L50, M|
|poke|p2|Cinccino, L50, M|
|poke|p2|Miraidon, L50|
|poke|p2|Suicune, L50|
|teampreview|4
|inactive|Battle timer is ON: inactive players will automatically lose when time's up. (requested by yyfyyfyyf)
|inactive|yyfyyfyyf has 60 seconds left.
|
|t:|1750825642
|start
|switch|p1a: Lunala|Lunala, L50|100/100
|switch|p1b: Indeedee|Indeedee-F, L50, F|100/100
|switch|p2a: Koraidon|Koraidon, L50|100/100
|switch|p2b: Scovillain|Scovillain, L50, M, shiny|100/100
|-weather|SunnyDay|[from] ability: Orichalcum Pulse|[of] p2a: Koraidon
|-activate|p2a: Koraidon|Orichalcum Pulse|[source]
|-fieldstart|move: Psychic Terrain|[from] ability: Psychic Surge|[of] p1b: Indeedee
|-enditem|p1b: Indeedee|Psychic Seed
|-boost|p1b: Indeedee|spd|1|[from] item: Psychic Seed
|turn|1
|inactive|Pastor/Sinner has 30 seconds left.
|
|t:|1750825667
|-terastallize|p2a: Koraidon|Ghost
|move|p1b: Indeedee|Follow Me|p1b: Indeedee
|-singleturn|p1b: Indeedee|move: Follow Me
|move|p2b: Scovillain|Spicy Extract|p1b: Indeedee
|-boost|p1b: Indeedee|atk|2
|-unboost|p1b: Indeedee|def|2
|move|p2a: Koraidon|Drain Punch|p1b: Indeedee
|-damage|p1b: Indeedee|0 fnt
|faint|p1b: Indeedee
|move|p1a: Lunala|Expanding Force|p2a: Koraidon|[spread] p2a,p2b
|-damage|p2a: Koraidon|49/100
|-enditem|p2b: Scovillain|Focus Sash
|-damage|p2b: Scovillain|1/100
|
|-weather|SunnyDay|[upkeep]
|upkeep
|
|t:|1750825689
|switch|p1b: Calyrex|Calyrex-Ice, L50|100/100
|-ability|p1b: Calyrex|As One
|-ability|p1b: Calyrex|Unnerve
|turn|2
|
|t:|1750825697
|move|p2b: Scovillain|Protect|p2b: Scovillain
|-singleturn|p2b: Scovillain|Protect
|move|p2a: Koraidon|Protect|p2a: Koraidon
|-singleturn|p2a: Koraidon|Protect
|move|p1b: Calyrex|Protect|p1b: Calyrex
|-singleturn|p1b: Calyrex|Protect
|move|p1a: Lunala|Trick Room|p1a: Lunala
|-fieldstart|move: Trick Room|[of] p1a: Lunala
|
|-weather|SunnyDay|[upkeep]
|upkeep
|turn|3
|-message|Pastor/Sinner forfeited.
|
|win|yyfyyfyyf
|raw|yyfyyfyyf's rating: 1171 &rarr; <strong>1193</strong><br />(+22 for winning)
|raw|Pastor&#x2f;Sinner's rating: 1136 &rarr; <strong>1114</strong><br />(-22 for losing)
|l|☆Pastor/Sinner
|player|p2|
|l|☆yyfyyfyyf
|player|p1|
