|j|☆Kronk1608
|j|☆Bleach72
|t:|1750835859
|gametype|doubles
|player|p1|Kronk1608|266|1052
|player|p2|Bleach72|veteran|1060
|teamsize|p1|6
|teamsize|p2|6
|gen|9
|tier|[Gen 9] VGC 2025 Reg I
|rated|
|rule|Species Clause: Limit one of each Pokémon
|rule|Item Clause: Limit 1 of each item
|clearpoke
|poke|p1|Koraidon, L50|
|poke|p1|Lunala, L50|
|poke|p1|Chi-Yu, L50|
|poke|p1|Flutter Mane, L50|
|poke|p1|Indeedee-F, L50, F|
|poke|p1|Whimsicott, L50, F|
|poke|p2|Kingambit, L50, M|
|poke|p2|Samurott-Hisui, L50, M|
|poke|p2|Sableye, L50, M|
|poke|p2|Weavile, L50, M|
|poke|p2|Hydreigon, L50, M|
|poke|p2|Mandibuzz, L50, F|
|teampreview|4
|
|t:|1750835907
|start
|switch|p1a: Koraidon|Koraidon, L50|100/100
|switch|p1b: Chi-Yu|Chi-Yu, L50|100/100
|switch|p2a: Weavile|Weavile, L50, M|100/100
|switch|p2b: Samurott|Samurott-Hisui, L50, M|100/100
|-ability|p1b: Chi-Yu|Beads of Ruin
|-weather|SunnyDay|[from] ability: Orichalcum Pulse|[of] p1a: Koraidon
|-activate|p1a: Koraidon|Orichalcum Pulse|[source]
|-ability|p2a: Weavile|Pressure
|turn|1
|
|t:|1750835970
|switch|p2a: Mandibuzz|Mandibuzz, L50, F|100/100
|move|p1b: Chi-Yu|Heat Wave|p2a: Mandibuzz|[spread] p2b
|-miss|p1b: Chi-Yu|p2a: Mandibuzz
|-resisted|p2b: Samurott
|-damage|p2b: Samurott|41/100
|move|p1a: Koraidon|Close Combat|p2b: Samurott
|-supereffective|p2b: Samurott
|-damage|p2b: Samurott|0 fnt
|-unboost|p1a: Koraidon|def|1
|-unboost|p1a: Koraidon|spd|1
|faint|p2b: Samurott
|-damage|p1a: Koraidon|91/100|[from] item: Life Orb
|
|-weather|SunnyDay|[upkeep]
|upkeep
|
|t:|1750835983
|switch|p2b: Weavile|Weavile, L50, M|100/100
|-ability|p2b: Weavile|Pressure
|turn|2
|
|t:|1750836001
|move|p2b: Weavile|Ice Shard|p1a: Koraidon
|-supereffective|p1a: Koraidon
|-damage|p1a: Koraidon|33/100
|move|p1b: Chi-Yu|Heat Wave|p2b: Weavile|[spread] p2a,p2b
|-supereffective|p2b: Weavile
|-crit|p2b: Weavile
|-damage|p2a: Mandibuzz|30/100
|-damage|p2b: Weavile|0 fnt
|faint|p2b: Weavile
|move|p1a: Koraidon|Flame Charge|p2a: Mandibuzz
|-damage|p2a: Mandibuzz|0 fnt
|-boost|p1a: Koraidon|spe|1
|faint|p2a: Mandibuzz
|-damage|p1a: Koraidon|23/100|[from] item: Life Orb
|
|-weather|SunnyDay|[upkeep]
|upkeep
|-message|Bleach72 forfeited.
|
|win|Kronk1608
|raw|Kronk1608's rating: 1052 &rarr; <strong>1085</strong><br />(+33 for winning)
|raw|Bleach72's rating: 1060 &rarr; <strong>1041</strong><br />(-19 for losing)
|l|☆Bleach72
|player|p2|
|l|☆Kronk1608
|player|p1|
