|j|☆tomcheung22
|j|☆AthenaStrive9
|t:|1750867274
|gametype|doubles
|player|p1|tomcheung22|lady|
|player|p2|AthenaStrive9|nancy|
|teamsize|p1|6
|teamsize|p2|6
|gen|9
|tier|[Gen 9] VGC 2025 Reg I
|rated|Tournament battle
|rule|Species Clause: Limit one of each Pokémon
|rule|Item Clause: Limit 1 of each item
|raw|<div class="infobox"><details class="readmore" open><summary><strong>2 custom rules:</strong></summary> Force Open Team Sheets, !Open Team Sheets</details></div>
|clearpoke
|poke|p1|Koraidon, L50|
|poke|p1|Miraidon, L50|
|poke|p1|Flutter Mane, L50|
|poke|p1|Incineroar, L50, M|
|poke|p1|Gothitelle, L50, M|
|poke|p1|Scream Tail, L50|
|poke|p2|Miraidon, L50|
|poke|p2|Zamazenta-*, L50|
|poke|p2|Volcarona, L50, F|
|poke|p2|Farigiraf, L50, M|
|poke|p2|Rillaboom, L50, F|
|poke|p2|Grimmsnarl, L50, M|
|teampreview|4
|showteam|p1|Koraidon||LifeOrb|OrichalcumPulse|FlareBlitz,CloseCombat,FlameCharge,Protect||||||50|,,,,,Fire]Miraidon||ChoiceScarf|HadronEngine|ElectroDrift,DracoMeteor,VoltSwitch,Overheat||||||50|,,,,,Electric]Flutter Mane||FocusSash|Protosynthesis|Moonblast,ShadowBall,IcyWind,Protect||||||50|,,,,,Normal]Incineroar||SafetyGoggles|Intimidate|KnockOff,PartingShot,FakeOut,Protect|||M|||50|,,,,,Bug]Gothitelle||Leftovers|ShadowTag|Psychic,FakeOut,HelpingHand,Protect|||M|||50|,,,,,Water]Scream Tail||BoosterEnergy|Protosynthesis|PerishSong,Encore,Disable,Protect||||||50|,,,,,Dark
|showteam|p2|Miraidon||ChoiceSpecs|HadronEngine|ElectroDrift,DracoMeteor,DazzlingGleam,VoltSwitch||||||50|,,,,,Fairy]Zamazenta-Crowned||RustedShield|DauntlessShield|Protect,BodyPress,behemothbash,WideGuard||||||50|,,,,,Dragon]Volcarona||Leftovers|FlameBody|Protect,FieryDance,StruggleBug,QuiverDance|||F|||50|,,,,,Grass]Farigiraf||ElectricSeed|ArmorTail|Psychic,FoulPlay,HelpingHand,TrickRoom|||M|||50|,,,,,Water]Rillaboom||AssaultVest|GrassySurge|GrassyGlide,WoodHammer,FakeOut,Uturn|||F|||50|,,,,,Water]Grimmsnarl||LightClay|Prankster|SpiritBreak,ScaryFace,Reflect,LightScreen|||M|||50|,,,,,Ghost
|c|☆AthenaStrive9|glhf :3
|inactive|Battle timer is ON: inactive players will automatically lose when time's up. (requested by tomcheung22)
|
|t:|1750867349
|start
|switch|p1a: Gothitelle|Gothitelle, L50, M|100/100
|switch|p1b: Koraidon|Koraidon, L50|100/100
|switch|p2a: Miraidon|Miraidon, L50|100/100
|switch|p2b: Farigiraf|Farigiraf, L50, M|100/100
|-weather|SunnyDay|[from] ability: Orichalcum Pulse|[of] p1b: Koraidon
|-activate|p1b: Koraidon|Orichalcum Pulse|[source]
|-fieldstart|move: Electric Terrain|[from] ability: Hadron Engine|[of] p2a: Miraidon
|-enditem|p2b: Farigiraf|Electric Seed
|-boost|p2b: Farigiraf|def|1|[from] item: Electric Seed
|turn|1
|
|t:|1750867369
|-terastallize|p1b: Koraidon|Fire
|move|p1a: Gothitelle|Helping Hand|p1b: Koraidon
|-singleturn|p1b: Koraidon|Helping Hand|[of] p1a: Gothitelle
|move|p1b: Koraidon|Flare Blitz|p2a: Miraidon
|-resisted|p2a: Miraidon
|-damage|p2a: Miraidon|0 fnt
|faint|p2a: Miraidon
|-damage|p1b: Koraidon|68/100|[from] Recoil
|-damage|p1b: Koraidon|58/100|[from] item: Life Orb
|move|p2b: Farigiraf|Psychic|p1b: Koraidon
|-damage|p1b: Koraidon|25/100
|
|-weather|SunnyDay|[upkeep]
|upkeep
|
|t:|1750867380
|switch|p2a: Grimmsnarl|Grimmsnarl, L50, M, shiny|100/100
|turn|2
|
|t:|1750867397
|switch|p1b: Incineroar|Incineroar, L50, M|100/100
|-ability|p1b: Incineroar|Intimidate|boost
|-unboost|p2a: Grimmsnarl|atk|1
|-unboost|p2b: Farigiraf|atk|1
|switch|p1a: Scream Tail|Scream Tail, L50|100/100
|-activate|p1a: Scream Tail|ability: Protosynthesis
|-start|p1a: Scream Tail|protosynthesisspe
|move|p2a: Grimmsnarl|Reflect|p2a: Grimmsnarl
|-sidestart|p2: AthenaStrive9|Reflect
|move|p2b: Farigiraf|Trick Room|p2b: Farigiraf
|-fieldstart|move: Trick Room|[of] p2b: Farigiraf
|
|-weather|SunnyDay|[upkeep]
|upkeep
|turn|3
|inactive|AthenaStrive9 has 30 seconds left.
|
|t:|1750867428
|move|p2b: Farigiraf|Helping Hand|p2a: Grimmsnarl
|-singleturn|p2a: Grimmsnarl|Helping Hand|[of] p2b: Farigiraf
|move|p1b: Incineroar|Parting Shot|p2a: Grimmsnarl
|-unboost|p2a: Grimmsnarl|atk|1
|-unboost|p2a: Grimmsnarl|spa|1
|j| TCBro89
|
|t:|1750867434
|switch|p1b: Gothitelle|Gothitelle, L50, M|100/100|[from] Parting Shot
|move|p2a: Grimmsnarl|Spirit Break|p1a: Scream Tail
|-damage|p1a: Scream Tail|84/100
|-unboost|p1a: Scream Tail|spa|1
|move|p1a: Scream Tail|Perish Song|p1a: Scream Tail
|-start|p1a: Scream Tail|perish3|[silent]
|-start|p1b: Gothitelle|perish3|[silent]
|-start|p2a: Grimmsnarl|perish3|[silent]
|-start|p2b: Farigiraf|perish3|[silent]
|-fieldactivate|move: Perish Song
|
|-weather|SunnyDay|[upkeep]
|-start|p2b: Farigiraf|perish3
|-start|p2a: Grimmsnarl|perish3
|-start|p1b: Gothitelle|perish3
|-start|p1a: Scream Tail|perish3
|upkeep
|turn|4
|-message|AthenaStrive9 forfeited.
|
|win|tomcheung22
|n|☆tomcheung22|tomcheung22
|n|☆AthenaStrive9|athenastrive9
|n| TCBro89|tcbro89
|l|☆AthenaStrive9
|player|p2|
|l| TCBro89
