|j|☆suc vat vk
|j|☆Aki Hoshino
|t:|1750753712
|gametype|doubles
|player|p1|suc vat vk|kimonogirl|1594
|player|p2|Aki Hoshino|aromalady|1626
|teamsize|p1|6
|teamsize|p2|6
|gen|9
|tier|[Gen 9] VGC 2025 Reg I
|rated|
|rule|Species Clause: Limit one of each Pokémon
|rule|Item Clause: Limit 1 of each item
|clearpoke
|poke|p1|Terapagos, L50, M|
|poke|p1|Koraidon, L50|
|poke|p1|Volcarona, L50, M|
|poke|p1|Sableye, L50, M|
|poke|p1|Smeargle, L50, M|
|poke|p1|Incineroar, L50, F|
|poke|p2|Whimsicott, L50, F|
|poke|p2|Urshifu-*, L50, F|
|poke|p2|Iron Moth, L50|
|poke|p2|Landorus, L50, M|
|poke|p2|Calyrex-Ice, L50|
|poke|p2|Miraidon, L50|
|teampreview|4
|inactive|Battle timer is ON: inactive players will automatically lose when time's up. (requested by suc vat vk)
|inactive|suc vat vk has 60 seconds left.
|
|t:|1750753783
|start
|switch|p1a: Koraidon|Koraidon, L50|100/100
|switch|p1b: Incineroar|Incineroar, L50, F, shiny|100/100
|switch|p2a: Iron Moth|Iron Moth, L50|100/100
|switch|p2b: Miraidon|Miraidon, L50|100/100
|-weather|SunnyDay|[from] ability: Orichalcum Pulse|[of] p1a: Koraidon
|-activate|p1a: Koraidon|Orichalcum Pulse|[source]
|-fieldstart|move: Electric Terrain|[from] ability: Hadron Engine|[of] p2b: Miraidon
|-activate|p2a: Iron Moth|ability: Quark Drive
|-start|p2a: Iron Moth|quarkdrivespe
|-ability|p1b: Incineroar|Intimidate|boost
|-unboost|p2a: Iron Moth|atk|1
|-unboost|p2b: Miraidon|atk|1
|turn|1
|inactive|Aki Hoshino has 30 seconds left.
|
|t:|1750753813
|move|p1b: Incineroar|Fake Out|p2b: Miraidon
|-damage|p2b: Miraidon|90/100
|move|p2a: Iron Moth|Meteor Beam||[still]
|-prepare|p2a: Iron Moth|Meteor Beam
|-boost|p2a: Iron Moth|spa|1
|-enditem|p2a: Iron Moth|Power Herb
|-anim|p2a: Iron Moth|Meteor Beam|p1b: Incineroar|[miss]
|-miss|p2a: Iron Moth|p1b: Incineroar
|move|p1a: Koraidon|Close Combat|p2b: Miraidon
|-damage|p2b: Miraidon|0 fnt
|-unboost|p1a: Koraidon|def|1
|-unboost|p1a: Koraidon|spd|1
|faint|p2b: Miraidon
|-damage|p1a: Koraidon|91/100|[from] item: Life Orb
|
|-weather|SunnyDay|[upkeep]
|upkeep
|
|t:|1750753826
|switch|p2b: Whimsicott|Whimsicott, L50, F|100/100
|turn|2
|
|t:|1750753845
|switch|p1a: Volcarona|Volcarona, L50, M, shiny|100/100
|move|p2a: Iron Moth|Overheat|p1a: Volcarona
|-crit|p1a: Volcarona
|-damage|p1a: Volcarona|0 fnt
|-unboost|p2a: Iron Moth|spa|2
|faint|p1a: Volcarona
|move|p2b: Whimsicott|Endeavor|p1b: Incineroar
|-damage|p1b: Incineroar|60/100
|move|p1b: Incineroar|U-turn|p2b: Whimsicott
|-crit|p2b: Whimsicott
|-damage|p2b: Whimsicott|45/100
|
|t:|1750753869
|switch|p1b: Koraidon|Koraidon, L50|91/100|[from] U-turn
|-activate|p1b: Koraidon|ability: Orichalcum Pulse
|
|-weather|SunnyDay|[upkeep]
|upkeep
|
|t:|1750753874
|switch|p1a: Sableye|Sableye, L50, M, shiny|100/100
|turn|3
|inactive|Aki Hoshino has 30 seconds left.
|
|t:|1750753902
|-terastallize|p2b: Whimsicott|Ghost
|move|p2a: Iron Moth|Protect|p2a: Iron Moth
|-singleturn|p2a: Iron Moth|Protect
|move|p1a: Sableye|Encore|p2a: Iron Moth
|-activate|p2a: Iron Moth|move: Protect
|move|p1b: Koraidon|Flame Charge|p2b: Whimsicott
|-damage|p2b: Whimsicott|0 fnt
|-boost|p1b: Koraidon|spe|1
|faint|p2b: Whimsicott
|-damage|p1b: Koraidon|81/100|[from] item: Life Orb
|
|-weather|SunnyDay|[upkeep]
|upkeep
|-message|Aki Hoshino forfeited.
|
|win|suc vat vk
|raw|suc vat vk's rating: 1594 &rarr; <strong>1616</strong><br />(+22 for winning)
|raw|Aki Hoshino's rating: 1626 &rarr; <strong>1604</strong><br />(-22 for losing)
|l|☆Aki Hoshino
|player|p2|
|l|☆suc vat vk
|player|p1|
