|j|☆superduce2
|j|☆mgndnr
|t:|1750799225
|gametype|doubles
|player|p1|superduce2|winona|1407
|player|p2|mgndnr|rancher|1401
|teamsize|p1|6
|teamsize|p2|6
|gen|9
|tier|[Gen 9] VGC 2025 Reg I
|rated|
|rule|Species Clause: Limit one of each Pokémon
|rule|Item Clause: Limit 1 of each item
|clearpoke
|poke|p1|Tornadus, L50, M|
|poke|p1|Smeargle, L50, M|
|poke|p1|Calyrex-Shadow, L50|
|poke|p1|Zamazenta-*, L50|
|poke|p1|Rillaboom, L50, F|
|poke|p1|Chi-Yu, L50|
|poke|p2|Kyogre, L50|
|poke|p2|Moltres-Galar, L50|
|poke|p2|Dialga-Origin, L50|
|poke|p2|Flutter Mane, L50|
|poke|p2|Rhyperior, L50, F|
|poke|p2|Amoonguss, L50, F|
|teampreview|4
|
|t:|1750799281
|start
|switch|p1a: Smeargle|Smeargle, L50, M|100/100
|switch|p1b: Calyrex|Calyrex-Shadow, L50|100/100
|switch|p2a: Dialga|Dialga-Origin, L50, shiny|100/100
|switch|p2b: Moltres|Moltres-Galar, L50, shiny|100/100
|-ability|p1b: Calyrex|As One
|-ability|p1b: Calyrex|Unnerve
|-ability|p2a: Dialga|Pressure
|turn|1
|
|t:|1750799319
|-terastallize|p1b: Calyrex|Dark
|move|p1b: Calyrex|Nasty Plot|p1b: Calyrex
|-boost|p1b: Calyrex|spa|2
|move|p1a: Smeargle|Spore|p2a: Dialga
|-status|p2a: Dialga|slp|[from] move: Spore
|move|p2b: Moltres|Fiery Wrath|p1b: Calyrex|[spread] p1a,p1b
|-resisted|p1b: Calyrex
|-damage|p1a: Smeargle|46/100
|-damage|p1b: Calyrex|88/100
|cant|p2a: Dialga|slp
|
|-ability|p1a: Smeargle|Moody|boost
|-boost|p1a: Smeargle|spd|2
|-unboost|p1a: Smeargle|def|1
|upkeep
|turn|2
|
|t:|1750799358
|move|p1b: Calyrex|Astral Barrage|p2b: Moltres|[spread] p2a,p2b
|-resisted|p2b: Moltres
|-damage|p2a: Dialga|4/100 slp
|-damage|p2b: Moltres|50/100
|-ability|p2b: Moltres|Berserk|boost
|-boost|p2b: Moltres|spa|1
|move|p1a: Smeargle|Spore|p2b: Moltres
|-status|p2b: Moltres|slp|[from] move: Spore
|cant|p2b: Moltres|slp
|cant|p2a: Dialga|slp
|
|-ability|p1a: Smeargle|Moody|boost
|-boost|p1a: Smeargle|spe|2
|-unboost|p1a: Smeargle|spa|1
|upkeep
|turn|3
|-message|mgndnr forfeited.
|
|win|superduce2
|raw|superduce2's rating: 1407 &rarr; <strong>1427</strong><br />(+20 for winning)
|raw|mgndnr's rating: 1401 &rarr; <strong>1381</strong><br />(-20 for losing)
|l|☆mgndnr
|player|p2|
|l|☆superduce2
|player|p1|
