|j|☆I be pokemoning
|j|☆entei enthusiast
|t:|1750827222
|gametype|doubles
|player|p1|I be pokemoning|elesa|1284
|player|p2|entei enthusiast|brycen|1385
|teamsize|p1|6
|teamsize|p2|6
|gen|9
|tier|[Gen 9] VGC 2025 Reg I
|rated|
|rule|Species Clause: Limit one of each Pokémon
|rule|Item Clause: Limit 1 of each item
|clearpoke
|poke|p1|Whimsicott, L50, F|
|poke|p1|Terrakion, L50|
|poke|p1|Kyogre, L50|
|poke|p1|Zamazenta-*, L50|
|poke|p1|Urshifu-*, L50, F|
|poke|p1|Raichu, L50, F|
|poke|p2|Calyrex-Ice, L50|
|poke|p2|Miraidon, L50|
|poke|p2|Ursaluna-Bloodmoon, L50, M|
|poke|p2|Grimmsnarl, L50, M|
|poke|p2|Volcarona, L50, M|
|poke|p2|Incineroar, L50, F|
|teampreview|4
|inactive|Battle timer is ON: inactive players will automatically lose when time's up. (requested by I be pokemoning)
|
|t:|1750827253
|start
|switch|p1a: Terrakion|Terrakion, L50|100/100
|switch|p1b: Whimsicott|Whimsicott, L50, F|100/100
|switch|p2a: Calyrex|Calyrex-Ice, L50|100/100
|switch|p2b: Grimmsnarl|Grimmsnarl, L50, M|100/100
|-ability|p2a: Calyrex|As One
|-ability|p2a: Calyrex|Unnerve
|turn|1
|inactive|I be pokemoning has 30 seconds left.
|
|t:|1750827287
|move|p2b: Grimmsnarl|Reflect|p2b: Grimmsnarl
|-sidestart|p2: entei enthusiast|Reflect
|move|p1b: Whimsicott|Beat Up|p1a: Terrakion
|-resisted|p1a: Terrakion
|-damage|p1a: Terrakion|99/100
|-ability|p1a: Terrakion|Justified|boost
|-boost|p1a: Terrakion|atk|1
|-resisted|p1a: Terrakion
|-damage|p1a: Terrakion|99/100
|-ability|p1a: Terrakion|Justified|boost
|-boost|p1a: Terrakion|atk|1
|-resisted|p1a: Terrakion
|-damage|p1a: Terrakion|98/100
|-ability|p1a: Terrakion|Justified|boost
|-boost|p1a: Terrakion|atk|1
|-resisted|p1a: Terrakion
|-damage|p1a: Terrakion|96/100
|-ability|p1a: Terrakion|Justified|boost
|-boost|p1a: Terrakion|atk|1
|-hitcount|p1a: Terrakion|4
|move|p1a: Terrakion|Rock Slide|p2b: Grimmsnarl|[spread] p2a,p2b
|-supereffective|p2a: Calyrex
|-damage|p2a: Calyrex|0 fnt
|-damage|p2b: Grimmsnarl|32/100
|faint|p2a: Calyrex
|-damage|p1a: Terrakion|87/100|[from] item: Life Orb
|
|upkeep
|
|t:|1750827312
|switch|p2a: Incineroar|Incineroar, L50, F|100/100
|-ability|p2a: Incineroar|Intimidate|boost
|-unboost|p1a: Terrakion|atk|1
|-unboost|p1b: Whimsicott|atk|1
|turn|2
|
|t:|1750827324
|move|p1a: Terrakion|Protect|p1a: Terrakion
|-singleturn|p1a: Terrakion|Protect
|move|p2a: Incineroar|Fake Out|p1b: Whimsicott
|-damage|p1b: Whimsicott|88/100
|move|p1b: Whimsicott|Tailwind|p1b: Whimsicott
|-sidestart|p1: I be pokemoning|move: Tailwind
|move|p2b: Grimmsnarl|Thunder Wave|p1a: Terrakion
|-activate|p1a: Terrakion|move: Protect
|
|upkeep
|turn|3
|-message|entei enthusiast forfeited.
|
|win|I be pokemoning
|raw|I be pokemoning's rating: 1284 &rarr; <strong>1316</strong><br />(+32 for winning)
|raw|entei enthusiast's rating: 1385 &rarr; <strong>1359</strong><br />(-26 for losing)
|l|☆entei enthusiast
|player|p2|
|l|☆I be pokemoning
|player|p1|
