|j|☆Robbo5
|j|☆TitusLance
|t:|1750882386
|gametype|doubles
|player|p1|Robbo5|101|1366
|player|p2|TitusLance|hiker-gen4|1341
|teamsize|p1|6
|teamsize|p2|6
|gen|9
|tier|[Gen 9] VGC 2025 Reg I
|rated|
|rule|Species Clause: Limit one of each Pokémon
|rule|Item Clause: Limit 1 of each item
|clearpoke
|poke|p1|Groudon, L50|
|poke|p1|Lilligant-Hisui, L50, F|
|poke|p1|Calyrex-Shadow, L50|
|poke|p1|Charizard, L50, F|
|poke|p1|Whimsicott, L50, M|
|poke|p1|Urshifu-*, L50, F|
|poke|p2|Calyrex-Ice, L50|
|poke|p2|Smeargle, L50, M|
|poke|p2|Annihilape, L50, M|
|poke|p2|Electabuzz, L50, F|
|poke|p2|Ursaluna-Bloodmoon, L50, M|
|poke|p2|Terapagos, L50, M|
|teampreview|4
|inactive|Battle timer is ON: inactive players will automatically lose when time's up. (requested by TitusLance)
|
|t:|1750882404
|start
|switch|p1a: Whimsicott|Whimsicott, L50, M|100/100
|switch|p1b: Urshifu|Urshifu, L50, F|100/100
|switch|p2a: Electabuzz|Electabuzz, L50, F|100/100
|switch|p2b: Calyrex|Calyrex-Ice, L50|100/100
|-ability|p2b: Calyrex|As One
|-ability|p2b: Calyrex|Unnerve
|turn|1
|inactive|Robbo5 has 30 seconds left.
|inactive|Robbo5 has 20 seconds left.
|
|t:|1750882441
|move|p2a: Electabuzz|Follow Me|p2a: Electabuzz
|-singleturn|p2a: Electabuzz|move: Follow Me
|move|p1b: Urshifu|U-turn|p2a: Electabuzz
|-damage|p2a: Electabuzz|81/100
|
|t:|1750882452
|switch|p1b: Calyrex|Calyrex-Shadow, L50|100/100|[from] U-turn
|-ability|p1b: Calyrex|As One
|-ability|p1b: Calyrex|Unnerve
|move|p1a: Whimsicott|Dazzling Gleam|p2b: Calyrex|[spread] p2a,p2b
|-damage|p2a: Electabuzz|53/100
|-damage|p2b: Calyrex|78/100
|move|p2b: Calyrex|Trick Room|p2b: Calyrex
|-fieldstart|move: Trick Room|[of] p2b: Calyrex
|
|upkeep
|turn|2
|
|t:|1750882470
|switch|p1a: Urshifu|Urshifu, L50, F|100/100
|-terastallize|p2b: Calyrex|Fire
|move|p2a: Electabuzz|Feint|p1a: Urshifu
|-damage|p1a: Urshifu|94/100
|move|p2b: Calyrex|Glacial Lance|p1b: Calyrex|[spread] p1a,p1b
|-damage|p1a: Urshifu|42/100
|-damage|p1b: Calyrex|57/100
|move|p1b: Calyrex|Astral Barrage|p2b: Calyrex|[spread] p2a,p2b
|-damage|p2a: Electabuzz|9/100
|-damage|p2b: Calyrex|47/100
|
|-heal|p1b: Calyrex|63/100|[from] item: Leftovers
|upkeep
|turn|3
|inactive|Robbo5 has 30 seconds left.
|inactive|Robbo5 has 20 seconds left.
|inactive|Robbo5 has 15 seconds left.
|inactive|Robbo5 has 10 seconds left.
|
|t:|1750882516
|-terastallize|p1b: Calyrex|Water
|move|p2a: Electabuzz|Follow Me|p2a: Electabuzz
|-singleturn|p2a: Electabuzz|move: Follow Me
|move|p1a: Urshifu|Sucker Punch||[still]
|-fail|p1a: Urshifu
|move|p2b: Calyrex|Glacial Lance|p1b: Calyrex|[spread] p1a,p1b
|-resisted|p1b: Calyrex
|-damage|p1a: Urshifu|0 fnt
|-damage|p1b: Calyrex|40/100
|faint|p1a: Urshifu
|-ability|p2b: Calyrex|Chilling Neigh|boost
|-boost|p2b: Calyrex|atk|1
|move|p1b: Calyrex|Astral Barrage|p2b: Calyrex|[spread] p2a,p2b
|-damage|p2a: Electabuzz|0 fnt
|-damage|p2b: Calyrex|16/100
|faint|p2a: Electabuzz
|-ability|p1b: Calyrex|Grim Neigh|boost
|-boost|p1b: Calyrex|spa|1
|
|-heal|p1b: Calyrex|45/100|[from] item: Leftovers
|upkeep
|inactive|Robbo5 has 30 seconds left.
|inactive|Robbo5 has 20 seconds left.
|inactive|Robbo5 has 15 seconds left.
|
|t:|1750882556
|switch|p2a: Smeargle|Smeargle, L50, M|100/100
|switch|p1a: Groudon|Groudon, L50|100/100
|-weather|SunnyDay|[from] ability: Drought|[of] p1a: Groudon
|turn|4
|
|t:|1750882574
|move|p2a: Smeargle|Decorate|p2b: Calyrex
|-boost|p2b: Calyrex|atk|2
|-boost|p2b: Calyrex|spa|2
|move|p2b: Calyrex|Glacial Lance|p1a: Groudon|[spread] p1a,p1b
|-supereffective|p1a: Groudon
|-resisted|p1b: Calyrex
|-damage|p1a: Groudon|0 fnt
|-damage|p1b: Calyrex|0 fnt
|faint|p1a: Groudon
|faint|p1b: Calyrex
|-ability|p2b: Calyrex|Chilling Neigh|boost
|-boost|p2b: Calyrex|atk|2
|
|-weather|SunnyDay|[upkeep]
|upkeep
|-message|Robbo5 forfeited.
|
|win|TitusLance
|raw|Robbo5's rating: 1366 &rarr; <strong>1345</strong><br />(-21 for losing)
|raw|TitusLance's rating: 1341 &rarr; <strong>1362</strong><br />(+21 for winning)
|l|☆Robbo5
|player|p1|
|l|☆TitusLance
|player|p2|
