|j|☆Bksmilez
|j|☆kob137
|t:|1750800246
|gametype|doubles
|player|p1|Bksmilez|266|1405
|player|p2|kob137|101|1508
|teamsize|p1|6
|teamsize|p2|6
|gen|9
|tier|[Gen 9] VGC 2025 Reg I
|rated|
|rule|Species Clause: Limit one of each Pokémon
|rule|Item Clause: Limit 1 of each item
|clearpoke
|poke|p1|Calyrex-Shadow, L50|
|poke|p1|Indeedee-F, L50, F|
|poke|p1|Maushold-Four, L50|
|poke|p1|Zamazenta-*, L50|
|poke|p1|Raging Bolt, L50|
|poke|p1|Chien-Pao, L50|
|poke|p2|Calyrex-Ice, L50|
|poke|p2|Miraidon, L50|
|poke|p2|Grimmsnarl, L50, M|
|poke|p2|Urshifu-*, L50, F|
|poke|p2|Incineroar, L50, M|
|poke|p2|Landorus, L50, M|
|teampreview|4
kob137 rejected open team sheets.
|inactive|Battle timer is ON: inactive players will automatically lose when time's up. (requested by Bksmilez)
|
|t:|1750800273
|start
|switch|p1a: Calyrex|Calyrex-Shadow, L50|100/100
|switch|p1b: Maushold|Maushold-Four, L50|100/100
|switch|p2a: Incineroar|Incineroar, L50, M|100/100
|switch|p2b: Grimmsnarl|Grimmsnarl, L50, M|100/100
|-ability|p1a: Calyrex|As One
|-ability|p1a: Calyrex|Unnerve
|-ability|p2a: Incineroar|Intimidate|boost
|-unboost|p1a: Calyrex|atk|1
|-unboost|p1b: Maushold|atk|1
|turn|1
|
|t:|1750800297
|switch|p1b: Indeedee|Indeedee-F, L50, F|100/100
|-fieldstart|move: Psychic Terrain|[from] ability: Psychic Surge|[of] p1b: Indeedee
|-enditem|p1b: Indeedee|Psychic Seed
|-boost|p1b: Indeedee|spd|1|[from] item: Psychic Seed
|move|p2b: Grimmsnarl|Light Screen|p2b: Grimmsnarl
|-sidestart|p2: kob137|move: Light Screen
|move|p1a: Calyrex|Draining Kiss|p2b: Grimmsnarl
|-supereffective|p2b: Grimmsnarl
|-damage|p2b: Grimmsnarl|65/100
|move|p2a: Incineroar|Knock Off|p1a: Calyrex
|-supereffective|p1a: Calyrex
|-damage|p1a: Calyrex|0 fnt
|-enditem|p1a: Calyrex|Choice Specs|[from] move: Knock Off|[of] p2a: Incineroar
|faint|p1a: Calyrex
|
|upkeep
|
|t:|1750800313
|switch|p1a: Maushold|Maushold-Four, L50|100/100
|turn|2
|-message|Bksmilez forfeited.
|
|win|kob137
|raw|Bksmilez's rating: 1405 &rarr; <strong>1391</strong><br />(-14 for losing)
|raw|kob137's rating: 1508 &rarr; <strong>1522</strong><br />(+14 for winning)
|l|☆Bksmilez
|player|p1|
|l|☆kob137
|player|p2|
