|j|☆Falcon9115
|j|☆ShirtlessRayRizzo
|t:|1750820425
|gametype|doubles
|player|p1|Falcon9115|red|1342
|player|p2|ShirtlessRayRizzo|2|1444
|teamsize|p1|6
|teamsize|p2|4
|gen|9
|tier|[Gen 9] VGC 2025 Reg I
|rated|
|rule|Species Clause: Limit one of each Pokémon
|rule|Item Clause: Limit 1 of each item
|clearpoke
|poke|p1|Groudon, L50|
|poke|p1|Flutter Mane, L50|
|poke|p1|Terapagos, L50, M|
|poke|p1|Tornadus, L50, M|
|poke|p1|Rillaboom, L50, F|
|poke|p1|Grimmsnarl, L50, M|
|poke|p2|Smeargle, L50, F|
|poke|p2|Koraidon, L50|
|poke|p2|Terapagos, L50, M|
|poke|p2|Indeedee-F, L50, F|
|teampreview|4
|inactive|Battle timer is ON: inactive players will automatically lose when time's up. (requested by ShirtlessRayRizzo)
ShirtlessRayRizzo rejected open team sheets.
|
|t:|1750820468
|start
|switch|p1a: Tornadus|Tornadus, L50, M|100/100
|switch|p1b: Groudon|Groudon, L50|100/100
|switch|p2a: Smeargle|Smeargle, L50, F, shiny|100/100
|switch|p2b: Terapagos|Terapagos, L50, M|100/100
|-activate|p2b: Terapagos|ability: Tera Shift
|detailschange|p2b: Terapagos|Terapagos-Terastal, L50, M
|-heal|p2b: Terapagos|100/100|[silent]
|-weather|SunnyDay|[from] ability: Drought|[of] p1b: Groudon
|turn|1
|inactive|ShirtlessRayRizzo has 30 seconds left.
|
|t:|1750820501
|-terastallize|p2b: Terapagos|Stellar
|detailschange|p2b: Terapagos|Terapagos-Stellar, L50, M, tera:Stellar
|-heal|p2b: Terapagos|100/100|[silent]
|-ability|p2b: Terapagos|Teraform Zero
|-weather|none
|move|p2a: Smeargle|Decorate|p2b: Terapagos
|-boost|p2b: Terapagos|atk|2
|-boost|p2b: Terapagos|spa|2
|move|p2b: Terapagos|Tera Starstorm|p1a: Tornadus|[spread] p1a,p1b
|-damage|p1a: Tornadus|7/100
|-damage|p1b: Groudon|0 fnt
|faint|p1b: Groudon
|move|p1a: Tornadus|Bleakwind Storm|p2b: Terapagos|[spread] p2a,p2b
|-damage|p2a: Smeargle|38/100
|-damage|p2b: Terapagos|80/100
|-unboost|p2a: Smeargle|spe|1
|-unboost|p2b: Terapagos|spe|1
|
|-ability|p2a: Smeargle|Moody|boost
|-boost|p2a: Smeargle|spa|2
|-unboost|p2a: Smeargle|atk|1
|upkeep
|
|t:|1750820523
|switch|p1b: Terapagos|Terapagos, L50, M|100/100
|-activate|p1b: Terapagos|ability: Tera Shift
|detailschange|p1b: Terapagos|Terapagos-Terastal, L50, M
|-heal|p1b: Terapagos|100/100|[silent]
|turn|2
|
|t:|1750820539
|-terastallize|p1b: Terapagos|Stellar
|detailschange|p1b: Terapagos|Terapagos-Stellar, L50, M, tera:Stellar
|-heal|p1b: Terapagos|100/100|[silent]
|move|p1a: Tornadus|Tailwind|p1a: Tornadus
|-sidestart|p1: Falcon9115|move: Tailwind
|move|p1b: Terapagos|Calm Mind|p1b: Terapagos
|-boost|p1b: Terapagos|spa|1
|-boost|p1b: Terapagos|spd|1
|move|p2a: Smeargle|Decorate|p2b: Terapagos
|-boost|p2b: Terapagos|atk|2
|-boost|p2b: Terapagos|spa|2
|move|p2b: Terapagos|Tera Starstorm|p1a: Tornadus|[spread] p1a,p1b
|-supereffective|p1b: Terapagos
|-damage|p1a: Tornadus|0 fnt
|-damage|p1b: Terapagos|0 fnt
|faint|p1a: Tornadus
|faint|p1b: Terapagos
|detailschange|p1: Terapagos|Terapagos, L50, M|[silent]
|
|-ability|p2a: Smeargle|Moody|boost
|-boost|p2a: Smeargle|spa|2
|-unboost|p2a: Smeargle|def|1
|upkeep
|
|t:|1750820554
|switch|p1b: Flutter Mane|Flutter Mane, L50|100/100
|turn|3
|
|t:|1750820560
|switch|p2a: Indeedee|Indeedee-F, L50, F|100/100
|-fieldstart|move: Psychic Terrain|[from] ability: Psychic Surge|[of] p2a: Indeedee
|-enditem|p2a: Indeedee|Psychic Seed
|-boost|p2a: Indeedee|spd|1|[from] item: Psychic Seed
|move|p1b: Flutter Mane|Moonblast|p2b: Terapagos
|-damage|p2b: Terapagos|44/100
|-unboost|p2b: Terapagos|spa|1
|move|p2b: Terapagos|Tera Starstorm|p1b: Flutter Mane
|-enditem|p1b: Flutter Mane|Focus Sash
|-damage|p1b: Flutter Mane|1/100
|
|upkeep
|turn|4
|-message|Falcon9115 forfeited.
|
|win|ShirtlessRayRizzo
|raw|Falcon9115's rating: 1342 &rarr; <strong>1328</strong><br />(-14 for losing)
|raw|ShirtlessRayRizzo's rating: 1444 &rarr; <strong>1458</strong><br />(+14 for winning)
|l|☆Falcon9115
|player|p1|
|c|☆ShirtlessRayRizzo|Gg
