|j|☆jillwkq
|j|☆MalteseShark
|t:|1750859410
|gametype|doubles
|player|p1|jillwkq|dawn-gen4pt|1360
|player|p2|MalteseShark|acetrainer-gen4dp|1417
|teamsize|p1|6
|teamsize|p2|6
|gen|9
|tier|[Gen 9] VGC 2025 Reg I
|rated|
|rule|Species Clause: Limit one of each Pokémon
|rule|Item Clause: Limit 1 of each item
|clearpoke
|poke|p1|Urshifu-*, L50, M|
|poke|p1|Ursaluna-Bloodmoon, L50, M|
|poke|p1|Incineroar, L50, F|
|poke|p1|Miraidon, L50|
|poke|p1|Farigiraf, L50, F|
|poke|p1|Calyrex-Shadow, L50|
|poke|p2|Miraidon, L50|
|poke|p2|Calyrex-Ice, L50|
|poke|p2|Amoonguss, L50, M|
|poke|p2|Flutter Mane, L50|
|poke|p2|Garchomp, L50, F|
|poke|p2|Ogerpon-Wellspring, L50, F|
|teampreview|4
|
|t:|1750859447
|start
|switch|p1a: Calyrex|Calyrex-Shadow, L50|100/100
|switch|p1b: Miraidon|Miraidon, L50|100/100
|switch|p2a: Calyrex|Calyrex-Ice, L50|100/100
|switch|p2b: Amoonguss|Amoonguss, L50, M|100/100
|-ability|p1a: Calyrex|As One
|-ability|p1a: Calyrex|Unnerve
|-ability|p2a: Calyrex|As One
|-ability|p2a: Calyrex|Unnerve
|-fieldstart|move: Electric Terrain|[from] ability: Hadron Engine|[of] p1b: Miraidon
|turn|1
|inactive|Battle timer is ON: inactive players will automatically lose when time's up. (requested by MalteseShark)
|inactive|jillwkq has 60 seconds left.
|inactive|MalteseShark has 60 seconds left.
|inactive|MalteseShark has 30 seconds left.
|
|t:|1750859515
|-terastallize|p2a: Calyrex|Fire
|move|p2b: Amoonguss|Protect|p2b: Amoonguss
|-singleturn|p2b: Amoonguss|Protect
|move|p1b: Miraidon|Volt Switch|p2a: Calyrex
|-damage|p2a: Calyrex|32/100
|
|t:|1750859525
|switch|p1b: Urshifu|Urshifu, L50, M|100/100|[from] Volt Switch
|move|p1a: Calyrex|Astral Barrage|p2a: Calyrex|[spread] p2a
|-activate|p2b: Amoonguss|move: Protect
|-damage|p2a: Calyrex|0 fnt
|faint|p2a: Calyrex
|-ability|p1a: Calyrex|Grim Neigh|boost
|-boost|p1a: Calyrex|spa|1
|
|upkeep
|
|t:|1750859537
|switch|p2a: Garchomp|Garchomp, L50, F|100/100
|turn|2
|
|t:|1750859547
|move|p2b: Amoonguss|Rage Powder|p2b: Amoonguss
|-singleturn|p2b: Amoonguss|move: Rage Powder
|move|p2a: Garchomp|Crunch|p1a: Calyrex
|-supereffective|p1a: Calyrex
|-damage|p1a: Calyrex|12/100
|move|p1a: Calyrex|Astral Barrage|p2a: Garchomp|[spread] p2a,p2b
|-damage|p2a: Garchomp|20/100
|-damage|p2b: Amoonguss|21/100
|move|p1b: Urshifu|Wicked Blow|p2b: Amoonguss
|-crit|p2b: Amoonguss
|-damage|p2b: Amoonguss|0 fnt
|-damage|p1b: Urshifu|84/100|[from] item: Rocky Helmet|[of] p2b: Amoonguss
|faint|p2b: Amoonguss
|
|upkeep
|
|t:|1750859560
|switch|p2b: Ogerpon|Ogerpon-Wellspring, L50, F|100/100
|turn|3
|
|t:|1750859571
|-terastallize|p1a: Calyrex|Fairy
|move|p2b: Ogerpon|Follow Me|p2b: Ogerpon
|-singleturn|p2b: Ogerpon|move: Follow Me
|move|p1b: Urshifu|Sucker Punch||[still]
|-fail|p1b: Urshifu
|move|p2a: Garchomp|Crunch|p1a: Calyrex
|-resisted|p1a: Calyrex
|-damage|p1a: Calyrex|2/100
|move|p1a: Calyrex|Draining Kiss|p2b: Ogerpon
|-damage|p2b: Ogerpon|57/100
|-heal|p1a: Calyrex|32/100|[from] drain|[of] p2b: Ogerpon
|
|upkeep
|turn|4
|-message|MalteseShark forfeited.
|
|win|jillwkq
|raw|jillwkq's rating: 1360 &rarr; <strong>1383</strong><br />(+23 for winning)
|raw|MalteseShark's rating: 1417 &rarr; <strong>1394</strong><br />(-23 for losing)
|l|☆MalteseShark
|player|p2|
|l|☆jillwkq
|player|p1|
