|j|☆ekeif
|j|☆pollito400
|t:|1750871566
|gametype|doubles
|player|p1|ekeif|170|1242
|player|p2|pollito400|170|1195
|teamsize|p1|6
|teamsize|p2|6
|gen|9
|tier|[Gen 9] VGC 2025 Reg I
|rated|
|rule|Species Clause: Limit one of each Pokémon
|rule|Item Clause: Limit 1 of each item
|clearpoke
|poke|p1|Combusken, L50, F|
|poke|p1|Koraidon, L50|
|poke|p1|Flutter Mane, L50|
|poke|p1|Miraidon, L50|
|poke|p1|Iron Hands, L50|
|poke|p1|Ogerpon-Wellspring, L50, F|
|poke|p2|Iron Moth, L50|
|poke|p2|Miraidon, L50|
|poke|p2|Whimsicott, L50, F|
|poke|p2|Koraidon, L50|
|poke|p2|Chien-Pao, L50|
|poke|p2|Incineroar, L50, M|
|teampreview|4
pollito400 rejected open team sheets.
|c|☆pollito400|Go
|c|☆pollito400|Eviolite ?
|c|☆pollito400|You really like blaziken ha
|inactive|Battle timer is ON: inactive players will automatically lose when time's up. (requested by pollito400)
|
|t:|1750871643
|start
|switch|p1a: Combusken|Combusken, L50, F, shiny|100/100
|switch|p1b: Koraidon|Koraidon, L50|100/100
|switch|p2a: Koraidon|Koraidon, L50|100/100
|switch|p2b: Chien-Pao|Chien-Pao, L50|100/100
|-weather|SunnyDay|[from] ability: Orichalcum Pulse|[of] p2a: Koraidon
|-activate|p2a: Koraidon|Orichalcum Pulse|[source]
|-activate|p1b: Koraidon|ability: Orichalcum Pulse
|-ability|p2b: Chien-Pao|Sword of Ruin
|turn|1
|inactive|ekeif has 30 seconds left.
|inactive|ekeif has 20 seconds left.
|
|t:|1750871680
|move|p1b: Koraidon|Protect|p1b: Koraidon
|-singleturn|p1b: Koraidon|Protect
|move|p2a: Koraidon|Flare Blitz|p1a: Combusken
|-resisted|p1a: Combusken
|-damage|p1a: Combusken|29/100
|-damage|p2a: Koraidon|79/100|[from] Recoil
|move|p2b: Chien-Pao|Ice Spinner|p1b: Koraidon
|-activate|p1b: Koraidon|move: Protect
|move|p1a: Combusken|Coaching|p1b: Koraidon
|-boost|p1b: Koraidon|atk|1
|-boost|p1b: Koraidon|def|1
|
|-weather|SunnyDay|[upkeep]
|-ability|p1a: Combusken|Speed Boost|boost
|-boost|p1a: Combusken|spe|1
|upkeep
|turn|2
|inactive|ekeif has 30 seconds left.
|inactive|ekeif has 20 seconds left.
|
|t:|1750871716
|-terastallize|p1b: Koraidon|Fire
|move|p1a: Combusken|Detect|p1a: Combusken
|-singleturn|p1a: Combusken|Protect
|move|p2a: Koraidon|Flare Blitz|p1a: Combusken
|-activate|p1a: Combusken|move: Protect
|move|p1b: Koraidon|Collision Course|p2a: Koraidon
|-damage|p2a: Koraidon|0 fnt
|faint|p2a: Koraidon
|move|p2b: Chien-Pao|Ice Spinner|p1b: Koraidon
|-resisted|p1b: Koraidon
|-damage|p1b: Koraidon|84/100
|
|-weather|SunnyDay|[upkeep]
|-ability|p1a: Combusken|Speed Boost|boost
|-boost|p1a: Combusken|spe|1
|upkeep
|-message|pollito400 forfeited.
|
|win|ekeif
|raw|ekeif's rating: 1242 &rarr; <strong>1264</strong><br />(+22 for winning)
|raw|pollito400's rating: 1195 &rarr; <strong>1173</strong><br />(-22 for losing)
|l|☆pollito400
|player|p2|
|c|☆ekeif|gg
|l|☆ekeif
|player|p1|
