|j|☆ZEATHS
|j|☆le kenje
|t:|1750846874
|gametype|doubles
|player|p1|ZEATHS|pokemaniac|1072
|player|p2|le kenje|hiker-gen4|1146
|teamsize|p1|6
|teamsize|p2|6
|gen|9
|tier|[Gen 9] VGC 2025 Reg I
|rated|
|rule|Species Clause: Limit one of each Pokémon
|rule|Item Clause: Limit 1 of each item
|clearpoke
|poke|p1|Kyurem-White, L50|
|poke|p1|Zamazenta-*, L50|
|poke|p1|Amoonguss, L50, M|
|poke|p1|Tornadus, L50, M|
|poke|p1|Urshifu-*, L50, F|
|poke|p1|Ditto, L50|
|poke|p2|Koraidon, L50|
|poke|p2|Flutter Mane, L50|
|poke|p2|Scream Tail, L50|
|poke|p2|Gothitelle, L50, M|
|poke|p2|Amoonguss, L50, M|
|poke|p2|Incineroar, L50, M|
|teampreview|4
ZEATHS has agreed to open team sheets.
le kenje has agreed to open team sheets.
|showteam|p1|Kyurem-White||ChoiceSpecs|Turboblaze|EarthPower,FusionFlare,DracoMeteor,Blizzard||||||50|,,,,,Ice]Zamazenta-Crowned||RustedShield|DauntlessShield|BodyPress,WideGuard,IronDefense,HeavySlam||||||50|,,,,,Fairy]Amoonguss||RockyHelmet|EffectSpore|Spore,RagePowder,Protect,PollenPuff|||M|||50|,,,,,Water]Tornadus||CovertCloak|Prankster|Tailwind,BleakwindStorm,Snowscape,RainDance|||M|||50|,,,,,Dark]Urshifu-Rapid-Strike||SafetyGoggles|UnseenFist|SurgingStrikes,AquaJet,Taunt,Detect|||F|||50|,,,,,Water]Ditto||FocusSash|Imposter|Transform||||||50|,,,,,Ghost
|showteam|p2|Koraidon||LifeOrb|OrichalcumPulse|CloseCombat,FlameCharge,Protect,FlareBlitz||||||50|,,,,,Fire]Flutter Mane||FocusSash|Protosynthesis|IcyWind,Protect,Moonblast,ShadowBall||||||50|,,,,,Normal]Scream Tail||BoosterEnergy|Protosynthesis|PerishSong,Protect,Encore,Disable||||||50|,,,,,Ghost]Gothitelle||Leftovers|ShadowTag|Protect,FakeOut,Taunt,Psychic|||M|||50|,,,,,Water]Amoonguss||MentalHerb|Regenerator|Protect,Spore,RagePowder,SludgeBomb|||M|||50|,,,,,Dark]Incineroar||SafetyGoggles|Intimidate|Protect,PartingShot,FlareBlitz,FakeOut|||M|||50|,,,,,Bug
|c|☆ZEATHS|perish awh man
|
|t:|1750846918
|start
|switch|p1a: Tornadus|Tornadus, L50, M, shiny|100/100
|switch|p1b: Ditto|Ditto, L50|100/100
|switch|p2a: Flutter Mane|Flutter Mane, L50|100/100
|switch|p2b: Koraidon|Koraidon, L50|100/100
|-weather|SunnyDay|[from] ability: Orichalcum Pulse|[of] p2b: Koraidon
|-activate|p2a: Flutter Mane|ability: Protosynthesis
|-start|p2a: Flutter Mane|protosynthesisspe
|-activate|p2b: Koraidon|Orichalcum Pulse|[source]
|-transform|p1b: Ditto|p2a: Flutter Mane|[from] ability: Imposter
|turn|1
|
|t:|1750846949
|move|p1a: Tornadus|Snowscape|p1a: Tornadus
|-weather|Snowscape
|-end|p2a: Flutter Mane|Protosynthesis
|move|p1b: Ditto|Moonblast|p2b: Koraidon
|-supereffective|p2b: Koraidon
|-damage|p2b: Koraidon|0 fnt
|faint|p2b: Koraidon
|move|p2a: Flutter Mane|Shadow Ball|p1b: Ditto
|-supereffective|p1b: Ditto
|-damage|p1b: Ditto|22/100
|
|-weather|Snowscape|[upkeep]
|upkeep
|
|t:|1750846967
|switch|p2b: Incineroar|Incineroar, L50, M|100/100
|-ability|p2b: Incineroar|Intimidate|boost
|-unboost|p1a: Tornadus|atk|1
|-unboost|p1b: Ditto|atk|1
|turn|2
|c|☆ZEATHS|!dt icy wind
|raw|<ul class="utilichart"><li class="result"><span class="col movenamecol"><a href="https://dex.pokemonshowdown.com/moves/icywind">Icy Wind</a></span> <span class="col typecol"><img src="//play.pokemonshowdown.com/sprites/types/Ice.png" alt="Ice" width="32" height="14"><img src="//play.pokemonshowdown.com/sprites/categories/Special.png" alt="Special" width="32" height="14"></span> <span class="col labelcol"><em>Power</em><br>55</span> <span class="col widelabelcol"><em>Accuracy</em><br>95%</span> <span class="col pplabelcol"><em>PP</em><br>24</span> <span class="col movedesccol">100% chance to lower the foe(s) Speed by 1.</span> </li><li style="clear:both"></li></ul>
|raw|<font size="1"><font color="#686868">Priority:</font> 0&nbsp;|&ThickSpace;<font color="#686868">Gen:</font> 2&nbsp;|&ThickSpace;&#10003; Boosted by Sheer Force&nbsp;|&ThickSpace;&#10003; Wind move&nbsp;|&ThickSpace;<font color="#686868">Z-Power:</font> 100&nbsp;|&ThickSpace;<font color="#686868">Target:</font> All Adjacent Opponents</font>

|
|t:|1750847030
|move|p1a: Tornadus|Tailwind|p1a: Tornadus
|-sidestart|p1: ZEATHS|move: Tailwind
|move|p1b: Ditto|Shadow Ball|p2a: Flutter Mane
|-supereffective|p2a: Flutter Mane
|-damage|p2a: Flutter Mane|4/100
|move|p2a: Flutter Mane|Shadow Ball|p1b: Ditto
|-supereffective|p1b: Ditto
|-damage|p1b: Ditto|0 fnt
|faint|p1b: Ditto
|-end|p1b: Ditto|Protosynthesis|[silent]
|move|p2b: Incineroar|Flare Blitz|p1a: Tornadus
|-damage|p1a: Tornadus|35/100
|-damage|p2b: Incineroar|81/100|[from] Recoil
|
|-weather|Snowscape|[upkeep]
|upkeep
|
|t:|1750847063
|switch|p1b: Kyurem|Kyurem-White, L50, shiny|100/100
|-ability|p1b: Kyurem|Turboblaze
|turn|3
|
|t:|1750847079
|-terastallize|p1b: Kyurem|Ice
|move|p1b: Kyurem|Blizzard|p2b: Incineroar|[spread] p2a,p2b
|-resisted|p2b: Incineroar
|-damage|p2a: Flutter Mane|0 fnt
|-damage|p2b: Incineroar|48/100
|faint|p2a: Flutter Mane
|-end|p2a: Flutter Mane|Protosynthesis|[silent]
|move|p1a: Tornadus|Bleakwind Storm|p2b: Incineroar|[miss]
|-miss|p1a: Tornadus|p2b: Incineroar
|move|p2b: Incineroar|Flare Blitz|p1a: Tornadus
|-damage|p1a: Tornadus|0 fnt
|faint|p1a: Tornadus
|-damage|p2b: Incineroar|37/100|[from] Recoil
|
|-weather|Snowscape|[upkeep]
|upkeep
|
|t:|1750847096
|switch|p2a: Amoonguss|Amoonguss, L50, M|100/100
|switch|p1a: Zamazenta|Zamazenta-Crowned, L50|100/100
|-ability|p1a: Zamazenta|Dauntless Shield|boost
|-boost|p1a: Zamazenta|def|1
|turn|4
|
|t:|1750847112
|move|p1a: Zamazenta|Heavy Slam|p2a: Amoonguss
|-damage|p2a: Amoonguss|44/100
|move|p1b: Kyurem|Blizzard|p2b: Incineroar|[spread] p2a,p2b
|-supereffective|p2a: Amoonguss
|-resisted|p2b: Incineroar
|-damage|p2a: Amoonguss|0 fnt
|-damage|p2b: Incineroar|0 fnt
|faint|p2a: Amoonguss
|faint|p2b: Incineroar
|
|win|ZEATHS
|raw|ZEATHS's rating: 1072 &rarr; <strong>1107</strong><br />(+35 for winning)
|raw|le kenje's rating: 1146 &rarr; <strong>1116</strong><br />(-30 for losing)
|c|☆ZEATHS|gg
