|j|☆StapleGunUser
|j|☆uzui.exe
|t:|1750867678
|gametype|doubles
|player|p1|StapleGunUser|swimmer-gen4|1130
|player|p2|uzui.exe|101|1217
|teamsize|p1|6
|teamsize|p2|6
|gen|9
|tier|[Gen 9] VGC 2025 Reg I
|rated|
|rule|Species Clause: Limit one of each Pokémon
|rule|Item Clause: Limit 1 of each item
|clearpoke
|poke|p1|Glalie, L50, F|
|poke|p1|Muk-Alola, L50, F|
|poke|p1|Dialga, L50|
|poke|p1|Lunala, L50|
|poke|p1|Carbink, L50|
|poke|p1|Clefairy, L50, F|
|poke|p2|Rillaboom, L50, M|
|poke|p2|Thundurus, L50, M|
|poke|p2|Zamazenta-*, L50|
|poke|p2|Calyrex-Shadow, L50|
|poke|p2|Incineroar, L50, M|
|poke|p2|Electabuzz, L50, M|
|teampreview|4
|inactive|Battle timer is ON: inactive players will automatically lose when time's up. (requested by StapleGunUser)
|inactive|uzui.exe also wants the timer to be on.
|inactive|StapleGunUser has 60 seconds left.
|
|t:|1750867715
|start
|switch|p1a: Glalie|Glalie, L50, F|100/100
|switch|p1b: Muk|Muk-Alola, L50, F|100/100
|switch|p2a: Thundurus|Thundurus, L50, M|100/100
|switch|p2b: Zamazenta|Zamazenta-Crowned, L50|100/100
|-ability|p2b: Zamazenta|Dauntless Shield|boost
|-boost|p2b: Zamazenta|def|1
|turn|1
|inactive|StapleGunUser has 30 seconds left.
|
|t:|1750867744
|move|p2a: Thundurus|Thunder Wave|p1a: Glalie
|-status|p1a: Glalie|par
|move|p2b: Zamazenta|Iron Defense|p2b: Zamazenta
|-boost|p2b: Zamazenta|def|2
|cant|p1a: Glalie|par
|move|p1b: Muk|Minimize|p1b: Muk
|-boost|p1b: Muk|evasion|2
|
|-ability|p1a: Glalie|Moody|boost
|-boost|p1a: Glalie|spd|2
|-unboost|p1a: Glalie|spe|1
|upkeep
|turn|2
|
|t:|1750867767
|move|p2a: Thundurus|Eerie Impulse|p1a: Glalie
|-unboost|p1a: Glalie|spa|2
|move|p2b: Zamazenta|Body Press|p1b: Muk
|-damage|p1b: Muk|0 fnt
|faint|p1b: Muk
|move|p1a: Glalie|Switcheroo|p2a: Thundurus
|-activate|p1a: Glalie|move: Trick|[of] p2a: Thundurus
|-item|p2a: Thundurus|Choice Scarf|[from] move: Switcheroo
|-item|p1a: Glalie|Sitrus Berry|[from] move: Switcheroo
|
|-ability|p1a: Glalie|Moody|boost
|-boost|p1a: Glalie|atk|2
|-unboost|p1a: Glalie|spe|1
|upkeep
|-message|StapleGunUser forfeited.
|
|win|uzui.exe
|raw|StapleGunUser's rating: 1130 &rarr; <strong>1111</strong><br />(-19 for losing)
|raw|uzui.exe's rating: 1217 &rarr; <strong>1236</strong><br />(+19 for winning)
|l|☆StapleGunUser
|player|p1|
|l|☆uzui.exe
|player|p2|
