|j|☆COCCHI91
|j|☆GG=Groudon Gaming
|t:|1750833937
|gametype|doubles
|player|p1|COCCHI91|hilbert|1151
|player|p2|GG=Groudon Gaming|acerola-masters2|1058
|teamsize|p1|6
|teamsize|p2|6
|gen|9
|tier|[Gen 9] VGC 2025 Reg I
|rated|
|rule|Species Clause: Limit one of each Pokémon
|rule|Item Clause: Limit 1 of each item
|clearpoke
|poke|p1|Maushold-Four, L50|
|poke|p1|Annihilape, L50, F|
|poke|p1|Sinistcha-Masterpiece, L50|
|poke|p1|Zacian-*, L50|
|poke|p1|Ogerpon-Hearthflame, L50, F|
|poke|p1|Zamazenta-*, L50|
|poke|p2|Groudon, L50|
|poke|p2|Miraidon, L50|
|poke|p2|Entei, L50|
|poke|p2|Whimsicott, L50, M|
|poke|p2|Flutter Mane, L50|
|poke|p2|Volcarona, L50, F|
|teampreview|4
|inactive|Battle timer is ON: inactive players will automatically lose when time's up. (requested by GG=Groudon Gaming)
|inactive|COCCHI91 also wants the timer to be on.
COCCHI91 has agreed to open team sheets.
|
|t:|1750833951
|start
|switch|p1a: Annihilape|Annihilape, L50, F|100/100
|switch|p1b: Zamazenta|Zamazenta-Crowned, L50|100/100
|switch|p2a: Miraidon|Miraidon, L50|100/100
|switch|p2b: Whimsicott|Whimsicott, L50, M|100/100
|-ability|p1b: Zamazenta|Dauntless Shield|boost
|-boost|p1b: Zamazenta|def|1
|-fieldstart|move: Electric Terrain|[from] ability: Hadron Engine|[of] p2a: Miraidon
|turn|1
|
|t:|1750833957
|move|p2b: Whimsicott|Tailwind|p2b: Whimsicott
|-sidestart|p2: GG=Groudon Gaming|move: Tailwind
|move|p2a: Miraidon|Electro Drift|p1a: Annihilape
|-damage|p1a: Annihilape|0 fnt
|faint|p1a: Annihilape
|move|p1b: Zamazenta|Coaching|p1: Annihilape|[notarget]
|-fail|p1b: Zamazenta
|
|upkeep
|
|t:|1750833964
|switch|p1a: Ogerpon|Ogerpon-Hearthflame, L50, F|100/100
|-ability|p1a: Ogerpon|Mold Breaker
|turn|2
|
|t:|1750833987
|move|p2b: Whimsicott|Moonblast|p1a: Ogerpon
|-resisted|p1a: Ogerpon
|-damage|p1a: Ogerpon|85/100
|-unboost|p1a: Ogerpon|spa|1
|move|p2a: Miraidon|Electro Drift|p1a: Ogerpon
|-resisted|p1a: Ogerpon
|-damage|p1a: Ogerpon|0 fnt
|faint|p1a: Ogerpon
|move|p1b: Zamazenta|Coaching|p1: Ogerpon|[notarget]
|-fail|p1b: Zamazenta
|
|upkeep
|c|☆COCCHI91|GG
|c|☆GG=Groudon Gaming|GG
|-message|COCCHI91 forfeited.
|
|win|GG=Groudon Gaming
|raw|COCCHI91's rating: 1151 &rarr; <strong>1119</strong><br />(-32 for losing)
|raw|GG=Groudon Gaming's rating: 1058 &rarr; <strong>1097</strong><br />(+39 for winning)
|l|☆COCCHI91
|player|p1|
